2714 3556
110 328 296 373 Horatio
326 328 420 385 ipso
452 327 632 386 cogitat,
673 327 839 373 cautior
869 328 948 374 est.
1008 327 1092 374 Sed
1119 328 1224 374 haec
1254 328 1350 386 ipsa
1377 328 1489 374 mira
1518 328 1831 385 interpretandi
1858 328 1970 373 ratio
2000 329 2185 385 probat,
2233 324 2572 402 Porphyrionem

113 408 280 475 quoque
310 398 469 455 legisse
499 410 670 441 versum
699 398 828 440 illum
859 398 928 442 17.
988 397 1129 452 Quare
1159 412 1256 441 cum
1286 398 1617 442 scholiastarum
1646 398 1838 453 tempore
1886 398 2055 441 numeri
2105 400 2370 452 quaternarii
2412 398 2575 446 memo-

109 466 222 509 riam
250 467 339 510 iam
368 467 593 511 evanuisse
621 467 752 521 atque
781 466 1053 510 obscuratam
1082 465 1215 510 fuisse
1231 465 1446 511 Meinekio
1477 466 1754 529 statuendum
1788 465 1860 520 sit,
1890 479 2051 512 omnes
2066 460 2451 523 interpolationes,
2454 480 2574 525 quae

112 533 224 578 hanc
253 534 396 592 legem
426 549 512 579 non
541 533 773 589 violarunt,
802 546 855 579 ea
882 534 1026 579 aetate
1055 534 1195 580 factas
1224 546 1315 579 esse
1344 533 1554 588 efficitur,
1583 547 1674 592 qua
1695 535 1778 580 viri
1808 535 1924 580 docti
1953 547 2038 580 non
2067 534 2325 599 ignorabant
2344 537 2573 590 Horatium
2622 570 2625 574 -

111 615 162 647 ea
190 615 282 648 esse
311 617 450 658 usum,
481 603 509 648 i.
541 617 576 648 e.
608 616 658 648 ea
688 603 845 657 aetate,
876 616 984 660 quae
1015 604 1068 648 ab
1099 604 1283 648 Horatio
1314 605 1407 660 ipso
1439 604 1630 660 proxime
1660 605 1795 650 abest.

319 674 376 717 Et
405 669 609 730 quoniam
639 673 692 715 de
722 673 802 715 hac
832 685 878 715 re
908 672 1073 728 largius
1102 673 1191 716 iam
1221 673 1427 717 disserere
1456 673 1610 729 incepi,
1641 672 1782 718 facere
1810 687 1896 718 non
1927 687 2121 729 possum,
2164 674 2281 731 quin
2295 674 2377 719 hoc
2406 687 2574 732 quoque

113 753 312 785 moneam
333 776 345 795 ,
394 743 570 786 minime
619 741 703 785 sibi
751 741 948 786 constare
992 741 1130 786 videri
1152 776 1163 796 ,
1212 742 1286 798 qui
1327 743 1371 786 et
1399 754 1624 785 numerum
1652 741 1779 786 illum
1810 743 2128 799 quaternarium
2157 742 2363 787 Meinekii
2391 744 2435 787 et
2462 743 2573 788 hanc

116 808 161 854 C.
192 809 331 855 Frank
340 812 372 855 ii
400 812 446 855 in
476 810 715 856 carminum
745 810 889 855 aetate
919 808 1161 854 definienda
1188 809 1400 855 rationem
1437 809 1622 866 amplexi
1652 811 1777 855 sunt:
1810 811 1958 868 ⁴quue
1988 811 2151 855 factum
2182 823 2273 855 esse
2288 845 2300 863 ,
2342 812 2573 868 antequam

114 880 204 924 tres
233 881 473 937 carminum
503 880 606 924 libri
635 879 872 936 prodirent,
902 879 1031 923 valde
1060 879 1281 935 probabile
1312 881 1392 924 est.
1449 880 1564 924 Nam
1612 892 1709 924 cum
1739 880 1865 935 plura
1894 880 1983 925 sint
2011 882 2055 924 in
2085 881 2223 936 primo
2254 881 2433 925 odarum
2461 880 2573 925 libro

115 948 322 1003 carmina,
353 962 461 1006 quae
491 948 725 1004 epodorum
753 948 943 993 numeris
975 949 1188 1001 constant,
1218 961 1304 993 non
1334 948 1505 993 videtur
1536 948 1725 993 dubitari
1755 961 1892 1004 posse,
1923 950 2026 1006 quin
2056 950 2220 1006 epodon
2259 949 2424 1006 sylloge
2454 948 2574 1004 prius

115 1016 315 1061 absoluta
354 1019 399 1060 et
436 1018 555 1060 edita
582 1017 716 1061 fuerit
736 1050 747 1070 ,
798 1030 928 1073 quam
956 1018 1043 1061 ista
1071 1017 1140 1061 vel
1170 1018 1455 1061 scriberentur
1485 1017 1555 1061 vel
1583 1030 1681 1061 cum
1711 1018 1890 1062 caeteris
1919 1018 2234 1075 evulgarentur.
2294 1017 2430 1061 Nulla
2458 1018 2573 1062 enim

113 1087 258 1140 potest
288 1100 416 1131 causa
445 1086 694 1143 excogitari,
726 1100 810 1142 qua
840 1087 1081 1131 commotus
1110 1085 1319 1131 Horatius
1350 1086 1456 1131 istos
1486 1085 1642 1142 epodos
1671 1086 1908 1131 carminum
1938 1087 2105 1144 corpori
2145 1099 2271 1145 quam
2304 1086 2469 1143 epodon
2508 1085 2574 1131 fa-

115 1155 276 1200 sciculo
320 1155 507 1199 inserere
537 1155 753 1200 maluerit’
804 1155 925 1211 (fast.
957 1155 1110 1200 Horat.
1142 1168 1182 1211 p.
1213 1155 1317 1210 47.).
1377 1156 1490 1210 Quid
1519 1155 1609 1199 ita?
1668 1156 1847 1199 Numeri
1897 1156 2159 1213 quaternarii
2200 1156 2311 1200 ratio
2341 1156 2573 1212 strophica,

116 1237 244 1280 quam
283 1225 328 1268 in
373 1224 635 1268 carminibus
678 1224 856 1268 odarum
897 1225 1064 1280 corpori
1105 1224 1278 1268 insertis
1310 1225 1656 1280 deprehendunt,
1687 1237 1825 1268 nonne
1855 1226 1984 1280 plena
2013 1227 2057 1269 et
2087 1227 2202 1269 iusta
2232 1237 2360 1269 causa
2389 1226 2467 1277 est,
2497 1238 2573 1268 cur

116 1293 204 1338 ista
234 1294 426 1338 carmina
456 1294 500 1337 in
533 1294 699 1349 epodon
729 1293 985 1337 fasciculum
1013 1293 1162 1337 referri
1192 1306 1276 1337 non
1307 1293 1562 1349 potuerint?
1618 1292 1693 1336 An
1723 1293 1929 1337 Horatius
1970 1293 2057 1338 ista
2097 1295 2288 1339 carmina
2326 1294 2440 1338 inter
2469 1293 2573 1338 odas

117 1363 395 1420 evolgaturus
434 1362 665 1406 nonnullos
702 1376 848 1406 versus
890 1364 966 1406 aut
1005 1362 1175 1406 addidit
1211 1364 1287 1406 aut
1327 1363 1496 1406 induxit
1549 1364 1678 1418 atque
1730 1362 1904 1416 delevit,
1942 1364 1992 1407 ut
2021 1367 2221 1408 numerus
2273 1362 2571 1420 quaternarius

114 1432 315 1475 constet?
345 1432 508 1475 Verum
538 1432 643 1475 haec
664 1432 728 1474 Tu
759 1444 924 1487 quoque
954 1431 1173 1487 intellegis
1204 1443 1294 1475 esse
1325 1431 1576 1487 nugatoria:
1608 1431 1663 1475 ad
1693 1431 1922 1486 Acronem,
1952 1432 2064 1477 unde
2094 1432 2292 1489 degressa
2321 1433 2387 1476 est
2416 1430 2571 1485 oratio,

119 1501 377 1543 revertatur.

318 1568 466 1611 Acron
495 1568 631 1621 igitur
658 1568 857 1623 propriae
886 1568 1006 1611 illius
1036 1569 1081 1611 et
1109 1567 1313 1623 antiquae
1344 1566 1586 1622 explicandi
1614 1566 1795 1612 rationis
1825 1567 2013 1612 traditus
2044 1570 2109 1613 est
2140 1569 2301 1623 auctor,
2332 1568 2442 1613 falso
2474 1580 2572 1619 eum

115 1648 206 1679 esse
235 1635 446 1679 traditum
467 1635 643 1679 minime
664 1636 847 1680 constat.
907 1636 970 1679 At
999 1635 1114 1679 enim
1143 1636 1258 1679 hunc
1277 1636 1434 1679 Horati
1463 1635 1742 1679 scholiastam
1774 1636 2080 1693 qualiscunque
2110 1639 2176 1681 est
2206 1638 2571 1692 ⁴pravissime

113 1705 384 1763 confundi
414 1717 531 1747 cum
552 1705 923 1760 grammatico
944 1705 1354 1760 probatissimo
1376 1705 1789 1749 Antoninorum
1819 1706 2001 1749 aetati
2031 1719 2057 1749 a
2086 1705 2570 1750 Schottmuellero

110 1774 334 1819 ratione
370 1773 514 1817 satis
552 1774 708 1817 certa
737 1773 1032 1830 adscripto
1063 1772 1295 1828 quaevis
1338 1772 1543 1818 littera
1585 1774 1795 1819 clamat
1836 1775 1891 1819 et
1930 1774 2131 1819 dudum
2173 1775 2259 1818 est
2298 1774 2573 1819 intellec-

111 1843 247 1888 tum'
279 1844 338 1899 (p.
370 1842 489 1896 VII).
551 1842 754 1897 Sequitur
768 1877 778 1896 ,
821 1845 870 1886 ut
911 1843 963 1886 de
1007 1842 1359 1887 Schottmuelleri
1387 1843 1555 1886 ratione
1584 1856 1719 1898 pauca
1748 1843 1945 1888 addenda
1973 1844 2213 1888 videantur.

317 1911 602 1956 Alfi-edus
648 1912 1194 1957 Schottmuellerus
1232 1911 1545 1957 dissertationis
1589 1912 1827 1957 Bonnensis
1857 1925 1894 1958 a.
1926 1912 2292 1966 MDCCCLVIII,
2337 1926 2465 1969 quam
2495 1913 2572 1969 ,de

114 1984 159 2028 C.
200 1982 385 2026 Plinii
431 1982 683 2026 Secundi
725 1982 945 2025 studiis
985 1980 1408 2038 grammaticis’
1439 1981 1626 2037 scripsit,
1656 1981 1934 2026 adnotatione
1965 1983 2025 2038 (p.
2054 1981 2128 2036 32)
2160 1981 2333 2025 obviam
2362 1983 2570 2037 exposuit,

115 2053 219 2110 quid
248 2052 300 2096 de
329 2051 518 2096 Acronis
548 2051 690 2094 aetate
720 2051 999 2107 statuendum
1029 2050 1257 2109 videretur.
1316 2050 1372 2093 Et
1403 2050 1599 2105 quamvis
1630 2050 1681 2094 de
1701 2050 1818 2094 vitae
1847 2050 1939 2094 eius
1970 2043 2111 2106 spatio
2141 2051 2281 2095 adhuc
2310 2063 2434 2095 nemo
2464 2052 2572 2096 certi

115 2122 351 2178 quidquam
383 2120 574 2171 evicerit,
604 2119 684 2163 hoc
715 2119 981 2176 argumentis
1011 2119 1117 2164 satis
1146 2119 1310 2163 idoneis
1340 2119 1393 2163 V.
1424 2119 1478 2163 D.
1510 2120 1711 2173 ostendit,
1742 2120 1859 2164 locos
1888 2120 2096 2173 Acronis,
2139 2120 2213 2176 qui
2252 2121 2352 2164 sunt
2386 2120 2431 2164 in
2462 2120 2571 2166 Cha-

114 2191 210 2235 risii
240 2191 334 2234 arte
364 2187 664 2245 grammatica,
694 2187 749 2231 ad
780 2200 875 2231 eam
894 2187 996 2231 libri
1026 2187 1146 2231 illius
1177 2188 1344 2243 partem
1374 2187 1581 2241 adtinere,
1613 2200 1721 2244 quae
1750 2200 1798 2231 ex
1830 2187 1874 2232 C.
1904 2188 2015 2232 Julii
2044 2188 2224 2231 Romani
2256 2188 2369 2231 curis
2399 2190 2572 2245 sumpta

114 2261 298 2305 videtur.
344 2258 428 2313 Qui
449 2257 618 2314 quando
639 2257 770 2301 fuerit
791 2257 845 2312 (c.
862 2270 900 2302 a.
917 2256 1016 2312 CC),
1036 2268 1295 2313 quamquam
1316 2270 1365 2301 ex
1381 2257 1543 2302 Osanni
1563 2256 1924 2300 commentatione
1944 2256 2151 2313 (Symbol.
2172 2257 2306 2301 litter.
2323 2257 2381 2310 II,
2403 2270 2445 2313 p.
2460 2257 2569 2311 3293

111 2329 244 2375 cf.H.
265 2328 449 2380 Keilius,
481 2326 556 2371 Gr.
575 2327 671 2370 Lat.
692 2327 728 2379 I,
759 2339 799 2381 p.
820 2326 982 2370 XLVII
1012 2326 1094 2381 sq.)
1124 2326 1359 2371 verisimile
1389 2328 1468 2380 est,
1500 2327 1652 2381 ⁴ante
1681 2325 1980 2369 Romanum
2010 2326 2222 2370 vixisse
2251 2326 2570 2370 Helenium'

110 2412 196 2443 non
224 2399 341 2442 recte
370 2396 574 2441 continuo
604 2394 825 2439 concludit
854 2395 1253 2440 Schottmuellerus.
1316 2395 1682 2440 Commentarium
1710 2395 1884 2439 Helenii
1914 2396 2219 2440 Terentianum
2258 2395 2358 2439 ante
2387 2395 2571 2440 Romani

110 2469 271 2513 librum
309 2467 355 2510 in
391 2466 533 2509 lucem
574 2464 807 2520 prodiisse,
848 2464 894 2508 ni
924 2464 1109 2510 Charisii
1138 2465 1326 2519 incuria,
1370 2478 1499 2521 quam
1528 2464 1685 2509 iterum
1716 2465 1845 2521 atque
1873 2465 2031 2509 iterum
2060 2465 2152 2521 ipse
2183 2463 2571 2510 Schottmuellerus

109 2537 346 2594 vituperat,
383 2533 604 2587 fallimur,
645 2533 848 2589 apparet:
889 2533 1120 2577 Helenium
1155 2534 1298 2590 ipsum
1329 2536 1405 2577 aut
1434 2534 1658 2588 aequalem
1702 2536 1777 2578 aut
1808 2535 1955 2589 paucis
1985 2535 2109 2578 annis
2134 2534 2348 2577 ‘seniorem
2378 2533 2570 2578 Romano

108 2608 240 2653 fuisse
268 2603 536 2663 probabilius
567 2604 645 2648 est.
705 2602 851 2658 Quid?
881 2603 995 2660 quod
1024 2603 1072 2649 F.
1103 2602 1310 2648 Oehlerus
1341 2603 1582 2648 Charisium
1611 2603 1753 2659 ipsum
1782 2603 1870 2648 iam
1900 2616 1936 2648 c.
1967 2617 2005 2649 a.
2038 2603 2105 2649 CC
2134 2603 2266 2647 fuisse
2294 2616 2344 2647 ex
2373 2602 2572 2647 Dosithei

110 2676 370 2722 auctoritate
401 2687 478 2730 pro
509 2674 626 2717 certo
655 2673 787 2716 habet
816 2673 945 2729 (Mus.
976 2674 1112 2718 Rhen.
1144 2687 1181 2718 a.
1216 2674 1340 2727 1862,
1371 2687 1411 2728 p.
1442 2672 1551 2728 56)?
1610 2673 1784 2718 Falsam
1814 2674 1926 2718 hanc
1956 2685 2047 2718 esse
2068 2673 2312 2730 opinionem
2331 2685 2429 2717 cum
2457 2672 2570 2716 inter

112 2747 205 2791 VV.
235 2746 331 2790 DD.
362 2745 451 2789 iam
480 2743 648 2799 pridem
678 2742 928 2796 conveniat,
968 2743 1063 2787 tum
1112 2743 1184 2787 Tu
1221 2755 1357 2799 nuper
1398 2742 1718 2800 elegantissime
1753 2742 1799 2786 in
1838 2742 1951 2789 Mus.
1990 2742 2125 2787 Rhen.
2168 2755 2206 2787 a.
2239 2742 2372 2796 1868,
2414 2754 2455 2798 p.
2484 2741 2570 2785 492

110 2814 430 2860 demonstrasti.
491 2812 616 2856 Adde
648 2824 762 2865 vero,
795 2812 906 2868 quod
924 2811 1092 2856 Aelius
1123 2813 1335 2866 Donatus,
1367 2813 1441 2868 qui
1469 2812 1551 2856 hoc
1580 2813 1775 2868 tempore
1805 2812 1897 2856 sine
1925 2811 2055 2856 dubio
2086 2813 2152 2855 est
2179 2811 2403 2864 recentior,
2432 2811 2572 2854 Acro-

111 2898 209 2930 nem
238 2885 284 2927 in
313 2882 620 2927 commentario
652 2881 907 2925 Terentiano
938 2895 1150 2938 nusquam
1180 2884 1500 2926 commemorat.
1561 2882 1713 2935 Patet,
1755 2881 1801 2925 ni
1831 2880 1975 2934 fallor,
2015 2894 2142 2937 quam
2174 2880 2305 2924 dubia
2335 2880 2378 2923 et
2407 2879 2572 2941 incerta

110 2955 217 2998 haec
246 2954 398 2997 horum
441 2952 632 2996 virorum
673 2951 831 2995 aetatis
871 2951 1058 3007 vestigia
1096 2951 1195 2995 sint.
1256 2951 1565 2995 Verumtamen
1595 2951 1808 2995 Acronem
1850 2950 2010 2995 saeculi
2039 2949 2161 2994 tertii
2190 2963 2231 3005 p.
2264 2949 2340 2994 Ch.
2370 2961 2411 2991 n.
2442 2946 2571 2992 initio

110 3023 181 3068 vel
210 3022 348 3068 altero
380 3023 567 3066 extremo
599 3020 732 3064 fuisse
766 3033 851 3063 non
890 3020 1017 3064 modo
1049 3020 1410 3065 Schottmuellero
1452 3020 1636 3064 ferocius
1677 3032 1915 3076 repugnare
1954 3032 2097 3063 meum
2126 3032 2211 3063 non
2242 3019 2320 3071 est,
2362 3016 2436 3060 sed
2465 3015 2573 3059 Por·-

108 3093 316 3149 phyrione
356 3092 576 3135 Acronem
617 3091 760 3134 aetate
801 3090 931 3145 paulo
978 3091 1239 3144 superiorem
1275 3090 1407 3133 fuisse
1442 3090 1664 3145 probabile
1699 3089 1807 3133 mihi
1851 3089 2034 3134 videtur.
2095 3088 2366 3143 Quamquam
2405 3097 2460 3129 ne
2488 3084 2570 3130 hoc

107 3161 280 3218 quidem
308 3159 624 3216 neglegendum
655 3160 734 3211 est,
772 3158 962 3202 eiusdem
992 3158 1176 3202 Romani
1206 3170 1329 3202 curas
1358 3158 1403 3201 in
1433 3158 1625 3202 medium
1655 3169 1805 3202 vocare
1835 3157 1951 3213 apud
1982 3156 2227 3202 Charisium
2257 3154 2568 3211 Porphyrionis

103 3229 415 3276 testimonium.
460 3229 521 3273 Ex
543 3239 625 3283 quo
642 3227 840 3282 efficitur,
861 3228 911 3271 ut
932 3227 1201 3284 Porphyrion
1218 3240 1385 3284 quoque
1400 3227 1513 3270 inter
1534 3226 1840 3284 grammaticos
1855 3226 2181 3270 Antoninorum
2211 3223 2368 3268 aetatis
2389 3222 2566 3268 Schott-

466 3460 472 3495 ,l

465 3507 469 3520 ›
