2714 3556
813 1044 1356 1121 Hermanno
1417 1045 1838 1121 Usenero

1270 1213 1402 1263 sn.

972 1351 1257 1422 Bruuius
1299 1351 1687 1422 Schmun.

311 1600 418 1685 cum
434 1650 717 1694 paucanuper
747 1638 824 1693 ⁶de
853 1638 1259 1695 Porphyrionis
1289 1638 1341 1682 et
1360 1638 1603 1682 Acronis
1634 1638 1884 1682 scholiis
1910 1638 2276 1683 Horatianis'
2298 1639 2550 1684 Monasterii

108 1710 358 1755 dissererem
373 1742 384 1763 ,
414 1707 562 1764 iniqua
610 1707 795 1764 quadam
843 1720 986 1752 rerum
1015 1707 1262 1753 condicione
1291 1706 1452 1751 factum
1481 1707 1579 1760 est,
1620 1707 1670 1750 ut
1717 1706 2021 1751 commentatio
2036 1740 2047 1761 ,
2084 1719 2214 1764 quam
2262 1710 2352 1752 'l'u
2374 1736 2392 1760 ‚
2441 1710 2552 1752 Vir

105 1780 480 1827 Doetmime,
529 1776 609 1830 ,de
657 1776 895 1819 scholiis
934 1775 1301 1819 Horatianis'
1349 1789 1387 1819 a.
1416 1775 1756 1819 MDCCCLXIII
1785 1776 1949 1819 Bernae
1984 1776 2208 1830 scripsisti,
2257 1779 2351 1819 tum
2381 1777 2550 1821 demum

109 1847 218 1893 mihi
247 1847 293 1892 in
321 1859 474 1892 manus
504 1845 694 1899 veniret,
736 1859 833 1890 cum
872 1843 1094 1902 provincia
1121 1858 1218 1890 mea
1254 1843 1343 1889 iam
1370 1844 1461 1889 erat
1490 1844 1712 1902 abrogata.
1771 1843 1854 1889 'rui
1882 1844 1998 1889 enim
2027 1844 2191 1902 ingenii
2219 1845 2413 1891 acumine
2441 1846 2552 1892 exci-

108 1917 228 1963 tatus
257 1928 348 1962 rem
378 1914 505 1961 modo
534 1913 731 1960 relictam
759 1913 878 1960 illico
907 1914 1140 1960 retractare
1168 1913 1310 1972 incepi
1328 1926 1461 1972 neque
1490 1925 1590 1959 vero
1620 1926 1696 1971 per
1714 1914 1841 1959 hosce
1870 1927 2004 1960 annos
2033 1914 2184 1959 multis
2214 1916 2341 1973 atque
2371 1915 2552 1962 diversis

107 1987 220 2030 inter
260 1998 306 2029 se
342 1985 526 2043 negotiis
562 1987 690 2041 atque
731 1985 1050 2039 impedimentis
1093 1985 1324 2027 distractus
1354 1984 1408 2026 ad
1446 1984 1576 2026 finem
1606 1984 1795 2038 perduxi.
1854 1985 1956 2027 Jam
1986 1997 2085 2027 vero
2115 1998 2212 2027 cum
2242 1986 2412 2028 scholae
2442 1988 2552 2029 mihi

108 2056 280 2099 nostrae
326 2054 439 2098 libro
469 2053 615 2097 annali
644 2052 866 2108 praefandi
894 2066 1048 2096 munus
1087 2052 1280 2097 delatum
1320 2053 1450 2105 esset,
1486 2052 1532 2095 in
1562 2052 1754 2096 animum
1784 2052 1945 2106 induxi,
1975 2053 2173 2105 Aeronis,
2205 2066 2312 2109 quae
2341 2054 2550 2107 feruntur,

111 2122 277 2168 scholia
305 2121 541 2166 miserrime
570 2122 771 2177 corrupta
801 2121 946 2178 qualia
974 2121 1082 2166 mihi
1113 2133 1204 2166 esse
1222 2120 1480 2174 viderentur,
1511 2133 1618 2177 quae
1650 2133 1796 2165 eorum
1825 2121 2060 2166 auctoritas
2081 2122 2209 2178 atque
2229 2122 2363 2179 origo,
2393 2122 2552 2168 Tecum

108 2191 444 2249 communicare:
489 2203 657 2246 sperare
696 2191 812 2234 enim
841 2191 1017 2235 videbar
1044 2190 1240 2234 futurum
1268 2202 1371 2243 esse,
1399 2191 1448 2233 ut
1478 2190 1576 2233 Tibi
1617 2190 1655 2233 si
1690 2190 1835 2246 aliqua
1865 2190 2089 2246 probarem
2118 2192 2444 2248 accuratiusque
2473 2193 2553 2246 Tu,

110 2259 190 2303 Vir
217 2259 477 2303 Doctissime
493 2292 503 2312 ,
546 2271 791 2314 percensere
821 2258 953 2302 velles
970 2292 981 2312 ,
1022 2272 1131 2315 quae
1170 2258 1262 2314 ipse
1300 2258 1344 2301 in
1384 2270 1540 2313 magna
1558 2257 1778 2301 librorum
1817 2258 1994 2313 penuria
2032 2259 2075 2301 et
2104 2259 2310 2313 temporis
2339 2261 2553 2316 angustiis

108 2328 307 2385 persequi
335 2341 420 2371 non
449 2328 592 2384 potui,
630 2328 711 2371 hae
741 2340 885 2381 curae,
929 2341 1037 2384 quae
1066 2327 1157 2371 Tua
1195 2328 1262 2371 est
1291 2326 1407 2370 etin
1435 2326 1551 2369 hisce
1580 2326 1705 2369 rebus
1747 2326 1943 2370 doctrina
1982 2327 2026 2370 et
2067 2326 2112 2369 in
2153 2327 2269 2370 omni
2307 2327 2554 2373 litterarum

108 2398 265 2455 genere
297 2397 524 2456 diligentia
553 2398 683 2454 atque
713 2397 941 2454 sagacitas,
970 2397 1034 2441 rei
1059 2396 1299 2441 litterariae
1328 2397 1455 2452 atque
1484 2394 1673 2439 virorum
1704 2394 1925 2439 doctorum
1955 2395 2111 2439 studiis
2142 2397 2282 2440 essent
2311 2398 2454 2441 nescio
2485 2399 2554 2442 cui

107 2465 386 2511 incremento.

310 2535 366 2579 Et
409 2547 504 2579 mea
545 2535 732 2579 multum
773 2535 978 2579 intererat
1007 2536 1166 2579 Tecum
1195 2535 1305 2579 hanc
1333 2545 1423 2577 rem
1451 2532 1576 2576 valde
1616 2532 1840 2576 obscuram
1871 2531 2009 2577 denuo
2039 2530 2303 2578 examinare:
2331 2547 2433 2578 nam
2462 2536 2555 2581 Tua

109 2615 238 2660 opera
274 2616 343 2649 res
373 2616 422 2648 eo
452 2603 656 2660 perducta
686 2605 793 2658 erat,
822 2605 872 2648 ut
890 2605 1309 2649 Fen-dinanum
1335 2602 1722 2654 Hauthalius,
1752 2601 1872 2645 cuius
1901 2601 2061 2646 librum
2089 2601 2351 2647 laboriosum
2379 2604 2555 2650 scholiis

108 2673 359 2718 Horatianis
378 2687 462 2717 non
483 2674 609 2717 modo
630 2686 705 2729 per
723 2687 855 2718 annos
885 2674 960 2717 sed
989 2687 1065 2729 per
1091 2674 1262 2717 saecula
1289 2672 1415 2716 nimis
1444 2670 1652 2728 neglectis
1681 2672 1779 2726 post
1808 2671 2064 2716 subitariam
2093 2673 2137 2715 et
2167 2672 2290 2728 quasi
2317 2673 2560 2719 tumultua-

107 2741 219 2786 riam
246 2741 456 2787 incuriam
486 2742 703 2803 Francisci
722 2741 878 2799 Paulyi
905 2755 1061 2787 novam
1092 2741 1305 2799 qnandam
1336 2740 1455 2797 quasi
1483 2739 1624 2783 lucem
1654 2739 1901 2784 adlaturum
1930 2753 2021 2785 esse
2050 2741 2339 2797 sperabamus,
2370 2742 2484 2799 quod
2503 2744 2558 2788 ad

107 2799 327 2856 Acronem
339 2811 510 2867 attinet,
526 2811 622 2856 acta
640 2810 728 2856 fere
741 2811 877 2869 egisse
898 2810 1126 2857 videretur.
1157 2806 1294 2869 A'tqui
1310 2810 1382 2867 qui
1400 2809 1437 2854 is
1451 2808 1497 2854 id
1511 2822 1596 2854 non
1616 2808 1812 2865 miretur,
1834 2810 1908 2867 qui
1923 2810 1967 2855 et
1981 2809 2224 2865 Hauthalii,
2244 2811 2366 2856 cuius
2386 2812 2560 2871 elegan-

107 2878 218 2924 tiam
246 2880 483 2925 disserendi
498 2893 582 2925 non
597 2892 778 2939 aequare
795 2880 1038 2938 inquirendi
1053 2880 1325 2938 diligentiam
1350 2880 1394 2923 et
1423 2879 1568 2923 doleat
1587 2880 1632 2922 et
1662 2880 1975 2935 quodammodo
2006 2882 2189 2934 excuset,
2224 2881 2271 2923 in
2299 2881 2418 2925 hisce
2431 2883 2557 2926 rebus

112 2948 359 2993 doctrinam
388 2951 637 3028 cognoverit
665 2952 709 2994 et
738 2951 891 2993 horum
919 2951 1177 2993 scholiorum
1205 2950 1320 3005 apud
1349 2950 1533 2993 seniores
1564 2950 1925 2993 existimationem
1967 2951 2013 2993 in
2043 2951 2185 2994 animo
2216 2952 2435 3005 pensitet?
2493 2952 2558 2995 Tu

110 3030 210 3063 vero
241 3018 473 3073 Acronem,
504 3019 623 3064 cuius
653 3018 837 3076 vestigia
864 3031 1037 3074 prorsus
1072 3018 1291 3064 contracta
1320 3031 1453 3074 paene
1484 3019 1605 3064 anxie
1633 3019 1897 3065 Hauthalius
1927 3021 2097 3065 secutus
2138 3021 2234 3074 est,
2280 3033 2391 3066 vana
2420 3020 2559 3076 specie

109 3085 204 3132 VV.
263 3088 359 3133 DD.
384 3088 606 3145 decepisse
634 3088 829 3144 putabas.
888 3087 1120 3133 Nonnullis
1149 3087 1262 3133 enim
1302 3088 1430 3134 librr,
1453 3101 1683 3144 manuscc,
1726 3089 1800 3146 qui
1828 3090 1992 3134 Bernae
2028 3091 2332 3145 asservantur,
2375 3089 2558 3134 excussis

104 3156 319 3216 exempla
365 3156 666 3212 Acronum,
714 3157 808 3214 qui
850 3157 1021 3201 multi
1063 3158 1223 3212 sunt,
1263 3156 1472 3214 quaedam
1516 3158 1662 3214 qualia
1698 3158 1743 3201 in
1787 3158 1908 3202 librr.
1939 3170 2151 3202 manuscc,
2182 3158 2412 3215 leguntur,’
2443 3157 2554 3213 (1.1.

110 3236 210 3282 pag
252 3224 381 3281 VIII)
421 3216 716 3283 propositurus
747 3226 921 3270 initium
963 3226 1211 3270 disserendi
1228 3239 1253 3270 a
1282 3226 1458 3270 scholiis
1489 3226 1714 3271 Heinianis
1746 3227 1855 3282 (1.1.
1886 3239 1927 3282 p.
1958 3227 2041 3281 ΙΧ)
2074 3227 2221 3280 sumis.
2282 3227 2396 3280 Quid
2425 3238 2523 3270 vero
2536 3228 2560 3269 Ρ
