<?xml version="1.0" encoding="UTF-8"?>
<!DOCTYPE html PUBLIC "-//W3C//DTD XHTML 1.0 Transitional//EN"
    "http://www.w3.org/TR/xhtml1/DTD/xhtml1-transitional.dtd">
<html xmlns="http://www.w3.org/1999/xhtml" xml:lang="en" lang="en">
 <head>
  <title>
</title>
<meta http-equiv="Content-Type" content="text/html;charset=utf-8" />
  <meta name='ocr-system' content='tesseract 3.04.00' />
  <meta name='ocr-capabilities' content='ocr_page ocr_carea ocr_par ocr_line ocrx_word'/>
</head>
<body>
  <div class='ocr_page' id='page_1' title='image "4766864_0021.png"; bbox 0 0 2714 3556; ppageno 0'>
   <div class='ocr_carea' id='block_1_1' title="bbox 115 232 2563 1601">
    <p class='ocr_par' dir='ltr' id='par_1_1' title="bbox 116 232 2563 982">
     <span class='ocr_line' id='line_1_1' title="bbox 117 232 2563 288; baseline -0.002 -9"><span class='ocrx_word' id='word_1_1' title='bbox 117 236 210 279; x_wconf 82' lang='lat' dir='ltr'><strong>tate</strong></span> <span class='ocrx_word' id='word_1_2' title='bbox 238 234 371 278; x_wconf 86' lang='lat' dir='ltr'><strong>Henr.</strong></span> <span class='ocrx_word' id='word_1_3' title='bbox 401 233 637 278; x_wconf 80' lang='lat' dir='ltr'><strong>Glareanus</strong></span> <span class='ocrx_word' id='word_1_4' title='bbox 667 234 711 277; x_wconf 90' lang='lat' dir='ltr'><strong>et</strong></span> <span class='ocrx_word' id='word_1_5' title='bbox 739 233 784 277; x_wconf 90' lang='lat' dir='ltr'><strong>in</strong></span> <span class='ocrx_word' id='word_1_6' title='bbox 813 233 997 288; x_wconf 86' lang='lat' dir='ltr'><strong>epistola</strong></span> <span class='ocrx_word' id='word_1_7' title='bbox 1028 234 1084 277; x_wconf 91' lang='lat' dir='ltr'><strong>ad</strong></span> <span class='ocrx_word' id='word_1_8' title='bbox 1115 233 1411 276; x_wconf 85' lang='lat' dir='ltr'><strong>Reverendiss.</strong></span> <span class='ocrx_word' id='word_1_9' title='bbox 1441 233 1487 276; x_wconf 90' lang='lat' dir='ltr'><strong>in</strong></span> <span class='ocrx_word' id='word_1_10' title='bbox 1518 232 1686 277; x_wconf 85' lang='lat' dir='ltr'><strong>Christo</strong></span> <span class='ocrx_word' id='word_1_11' title='bbox 1718 233 1892 276; x_wconf 87' lang='lat' dir='ltr'><strong>Patrem</strong></span> <span class='ocrx_word' id='word_1_12' title='bbox 1922 245 1971 276; x_wconf 89' lang='lat' dir='ltr'><strong>ac</strong></span> <span class='ocrx_word' id='word_1_13' title='bbox 1991 232 2237 286; x_wconf 91' lang='lat' dir='ltr'><strong>Dominum,</strong></span> <span class='ocrx_word' id='word_1_14' title='bbox 2268 232 2322 275; x_wconf 92' lang='lat' dir='ltr'><strong>D.</strong></span> <span class='ocrx_word' id='word_1_15' title='bbox 2337 232 2367 276; x_wconf 89' lang='lat' dir='ltr'>J</span> <span class='ocrx_word' id='word_1_16' title='bbox 2369 243 2563 284; x_wconf 89' lang='lat' dir='ltr'><strong>oannem,</strong></span> 
     </span>
     <span class='ocr_line' id='line_1_2' title="bbox 116 301 2560 362; baseline -0.002 -12"><span class='ocrx_word' id='word_1_17' title='bbox 116 302 376 362; x_wconf 74' lang='lat' dir='ltr'><strong>Episcopum</strong></span> <span class='ocrx_word' id='word_1_18' title='bbox 393 302 675 348; x_wconf 77' lang='lat' dir='ltr'><strong>Viennensem</strong></span> <span class='ocrx_word' id='word_1_19' title='bbox 690 303 770 348; x_wconf 89' lang='lat' dir='ltr'><strong>etc.</strong></span> <span class='ocrx_word' id='word_1_20' title='bbox 793 302 1098 349; x_wconf 89' lang='lat' dir='ltr'><strong>commentario</strong></span> <span class='ocrx_word' id='word_1_21' title='bbox 1120 302 1304 359; x_wconf 83' lang='lat' dir='ltr'><strong>praefixa</strong></span> <span class='ocrx_word' id='word_1_22' title='bbox 1323 303 1367 347; x_wconf 87' lang='lat' dir='ltr'><strong>et</strong></span> <span class='ocrx_word' id='word_1_23' title='bbox 1387 301 1547 359; x_wconf 83' lang='lat' dir='ltr'><strong>passim</strong></span> <span class='ocrx_word' id='word_1_24' title='bbox 1564 302 1610 346; x_wconf 89' lang='lat' dir='ltr'><strong>in</strong></span> <span class='ocrx_word' id='word_1_25' title='bbox 1637 302 1730 358; x_wconf 88' lang='lat' dir='ltr'><strong>ipso</strong></span> <span class='ocrx_word' id='word_1_26' title='bbox 1748 302 2054 347; x_wconf 86' lang='lat' dir='ltr'><strong>commentario</strong></span> <span class='ocrx_word' id='word_1_27' title='bbox 2085 314 2161 346; x_wconf 86' lang='lat' dir='ltr'><strong>suo</strong></span> <span class='ocrx_word' id='word_1_28' title='bbox 2183 304 2227 347; x_wconf 86' lang='lat' dir='ltr'><strong>et</strong></span> <span class='ocrx_word' id='word_1_29' title='bbox 2256 301 2413 347; x_wconf 84' lang='lat' dir='ltr'><strong>aetatis</strong></span> <span class='ocrx_word' id='word_1_30' title='bbox 2443 313 2560 345; x_wconf 91' lang='lat' dir='ltr'><strong>more</strong></span> 
     </span>
     <span class='ocr_line' id='line_1_3' title="bbox 116 370 2562 428; baseline -0.001 -11"><span class='ocrx_word' id='word_1_31' title='bbox 116 373 332 417; x_wconf 77' lang='lat' dir='ltr'><strong>disseruit.</strong></span> <span class='ocrx_word' id='word_1_32' title='bbox 389 372 466 416; x_wconf 91' lang='lat' dir='ltr'><strong>Ad</strong></span> <span class='ocrx_word' id='word_1_33' title='bbox 495 372 635 417; x_wconf 84' lang='lat' dir='ltr'><strong>Oarm.</strong></span> <span class='ocrx_word' id='word_1_34' title='bbox 664 373 700 426; x_wconf 91' lang='lat' dir='ltr'><strong>I,</strong></span> <span class='ocrx_word' id='word_1_35' title='bbox 731 373 756 416; x_wconf 84' lang='lat'><strong>&#39;7</strong></span> <span class='ocrx_word' id='word_1_36' title='bbox 786 372 891 417; x_wconf 86' lang='lat' dir='ltr'><strong>haec</strong></span> <span class='ocrx_word' id='word_1_37' title='bbox 919 372 1169 428; x_wconf 76' lang='lat' dir='ltr'><strong>adscripsit:</strong></span> <span class='ocrx_word' id='word_1_38' title='bbox 1230 373 1386 428; x_wconf 56' lang='lat' dir='ltr'><strong>,Acron</strong></span> <span class='ocrx_word' id='word_1_39' title='bbox 1429 371 1601 427; x_wconf 79' lang='lat' dir='ltr'><strong>exponit</strong></span> <span class='ocrx_word' id='word_1_40' title='bbox 1618 405 1628 424; x_wconf 96' lang='lat'><strong>,</strong></span> <span class='ocrx_word' id='word_1_41' title='bbox 1661 405 1801 416; x_wconf 91' lang='grc'><strong>.....</strong></span> <span class='ocrx_word' id='word_1_42' title='bbox 1861 372 1954 415; x_wconf 90' lang='lat' dir='ltr'><strong>Hoc</strong></span> <span class='ocrx_word' id='word_1_43' title='bbox 1994 372 2140 427; x_wconf 91' lang='lat' dir='ltr'><strong>itaque</strong></span> <span class='ocrx_word' id='word_1_44' title='bbox 2181 371 2303 415; x_wconf 91' lang='lat' dir='ltr'><strong>ulcus</strong></span> <span class='ocrx_word' id='word_1_45' title='bbox 2334 370 2562 427; x_wconf 86' lang='lat' dir='ltr'><strong>antiquum</strong></span> 
     </span>
     <span class='ocr_line' id='line_1_4' title="bbox 118 439 2563 498; baseline -0.001 -11"><span class='ocrx_word' id='word_1_46' title='bbox 118 441 303 496; x_wconf 83' lang='lat' dir='ltr'><strong>videtur,</strong></span> <span class='ocrx_word' id='word_1_47' title='bbox 333 454 593 498; x_wconf 89' lang='lat' dir='ltr'><strong>quamquam</strong></span> <span class='ocrx_word' id='word_1_48' title='bbox 620 440 737 486; x_wconf 91' lang='lat' dir='ltr'><strong>haud</strong></span> <span class='ocrx_word' id='word_1_49' title='bbox 763 441 866 497; x_wconf 90' lang='lat' dir='ltr'><strong>scio,</strong></span> <span class='ocrx_word' id='word_1_50' title='bbox 898 454 1026 498; x_wconf 88' lang='lat' dir='ltr'><strong>quam</strong></span> <span class='ocrx_word' id='word_1_51' title='bbox 1056 442 1179 486; x_wconf 85' lang='lat' dir='ltr'><strong>vetus</strong></span> <span class='ocrx_word' id='word_1_52' title='bbox 1209 442 1268 486; x_wconf 87' lang='lat' dir='ltr'><strong>sit</strong></span> <span class='ocrx_word' id='word_1_53' title='bbox 1297 441 1454 494; x_wconf 82' lang='lat' dir='ltr'><strong>Acron,</strong></span> <span class='ocrx_word' id='word_1_54' title='bbox 1485 440 1559 497; x_wconf 90' lang='lat' dir='ltr'><strong>qui</strong></span> <span class='ocrx_word' id='word_1_55' title='bbox 1578 440 1668 485; x_wconf 87' lang='lat' dir='ltr'><strong>Ode</strong></span> <span class='ocrx_word' id='word_1_56' title='bbox 1687 442 1708 483; x_wconf 94' lang='lat'>1</span> <span class='ocrx_word' id='word_1_57' title='bbox 1741 441 1816 486; x_wconf 84' lang='lat' dir='ltr'><strong>lib.</strong></span> <span class='ocrx_word' id='word_1_58' title='bbox 1846 441 1873 485; x_wconf 88' lang='lat'><strong>3</strong></span> <span class='ocrx_word' id='word_1_59' title='bbox 1891 441 2088 485; x_wconf 88' lang='lat' dir='ltr'><strong>Servium</strong></span> <span class='ocrx_word' id='word_1_60' title='bbox 2117 440 2282 496; x_wconf 85' lang='lat' dir='ltr'><strong>allegat</strong></span> <span class='ocrx_word' id='word_1_61' title='bbox 2311 442 2355 485; x_wconf 91' lang='lat' dir='ltr'><strong>et</strong></span> <span class='ocrx_word' id='word_1_62' title='bbox 2375 439 2563 484; x_wconf 86' lang='lat' dir='ltr'><strong>Priscia-</strong></span> 
     </span>
     <span class='ocr_line' id='line_1_5' title="bbox 117 508 2560 568; baseline -0.001 -12"><span class='ocrx_word' id='word_1_63' title='bbox 117 523 219 556; x_wconf 90' lang='lat' dir='ltr'><strong>num</strong></span> <span class='ocrx_word' id='word_1_64' title='bbox 250 510 326 556; x_wconf 90' lang='lat' dir='ltr'><strong>lib.</strong></span> <span class='ocrx_word' id='word_1_65' title='bbox 356 511 382 554; x_wconf 87' lang='lat'>2</span> <span class='ocrx_word' id='word_1_66' title='bbox 413 509 551 567; x_wconf 80' lang='lat' dir='ltr'><strong>Epist.</strong></span> <span class='ocrx_word' id='word_1_67' title='bbox 580 510 763 555; x_wconf 88' lang='lat' dir='ltr'><strong>Videtur</strong></span> <span class='ocrx_word' id='word_1_68' title='bbox 793 510 938 555; x_wconf 90' lang='lat' dir='ltr'><strong>autem</strong></span> <span class='ocrx_word' id='word_1_69' title='bbox 968 509 1005 554; x_wconf 89' lang='lat' dir='ltr'><strong>is</strong></span> <span class='ocrx_word' id='word_1_70' title='bbox 1033 509 1149 554; x_wconf 90' lang='lat' dir='ltr'><strong>idem</strong></span> <span class='ocrx_word' id='word_1_71' title='bbox 1165 510 1314 555; x_wconf 88' lang='lat' dir='ltr'><strong>Acron</strong></span> <span class='ocrx_word' id='word_1_72' title='bbox 1344 522 1393 555; x_wconf 87' lang='lat' dir='ltr'><strong>ex</strong></span> <span class='ocrx_word' id='word_1_73' title='bbox 1421 509 1605 555; x_wconf 89' lang='lat' dir='ltr'><strong>aliorum</strong></span> <span class='ocrx_word' id='word_1_74' title='bbox 1624 509 1811 554; x_wconf 86' lang='lat' dir='ltr'><strong>flosculis</strong></span> <span class='ocrx_word' id='word_1_75' title='bbox 1842 509 1925 554; x_wconf 92' lang='lat' dir='ltr'><strong>sibi</strong></span> <span class='ocrx_word' id='word_1_76' title='bbox 1954 510 2118 555; x_wconf 90' lang='lat' dir='ltr'><strong>sertum</strong></span> <span class='ocrx_word' id='word_1_77' title='bbox 2147 509 2385 568; x_wconf 85' lang='lat' dir='ltr'><strong>collegisse.</strong></span> <span class='ocrx_word' id='word_1_78' title='bbox 2444 508 2560 554; x_wconf 84' lang='lat' dir='ltr'><strong>Nam</strong></span> 
     </span>
     <span class='ocr_line' id='line_1_6' title="bbox 117 578 2563 634; baseline -0.001 -11"><span class='ocrx_word' id='word_1_79' title='bbox 117 580 244 624; x_wconf 87' lang='lat' dir='ltr'><strong>lectis</strong></span> <span class='ocrx_word' id='word_1_80' title='bbox 273 581 319 623; x_wconf 93' lang='lat' dir='ltr'><strong>in</strong></span> <span class='ocrx_word' id='word_1_81' title='bbox 348 593 473 623; x_wconf 90' lang='lat' dir='ltr'><strong>suum</strong></span> <span class='ocrx_word' id='word_1_82' title='bbox 503 580 856 623; x_wconf 89' lang='lat' dir='ltr'><strong>commentarium</strong></span> <span class='ocrx_word' id='word_1_83' title='bbox 885 580 1190 634; x_wconf 82' lang='lat' dir='ltr'><strong>Porphyrionis</strong></span> <span class='ocrx_word' id='word_1_84' title='bbox 1220 580 1361 623; x_wconf 89' lang='lat' dir='ltr'><strong>verbis</strong></span> <span class='ocrx_word' id='word_1_85' title='bbox 1390 580 1527 622; x_wconf 89' lang='lat' dir='ltr'><strong>assuit</strong></span> <span class='ocrx_word' id='word_1_86' title='bbox 1555 579 1665 621; x_wconf 92' lang='lat' dir='ltr'><strong>mira</strong></span> <span class='ocrx_word' id='word_1_87' title='bbox 1708 592 1832 634; x_wconf 84' lang='lat' dir='ltr'><strong>saepe</strong></span> <span class='ocrx_word' id='word_1_88' title='bbox 1873 581 2150 623; x_wconf 76' lang='lat' dir='ltr'><strong>emblemata.</strong></span> <span class='ocrx_word' id='word_1_89' title='bbox 2209 580 2252 622; x_wconf 87' lang='lat' dir='ltr'>N</span> <span class='ocrx_word' id='word_1_90' title='bbox 2264 580 2339 622; x_wconf 89' lang='lat' dir='ltr'><strong>isi</strong></span> <span class='ocrx_word' id='word_1_91' title='bbox 2379 579 2401 622; x_wconf 87' lang='lat' dir='ltr'><strong>f</strong></span> <span class='ocrx_word' id='word_1_92' title='bbox 2411 578 2563 622; x_wconf 86' lang='lat' dir='ltr'><strong>orsi-</strong></span> 
     </span>
     <span class='ocr_line' id='line_1_7' title="bbox 118 646 2559 704; baseline -0.002 -11"><span class='ocrx_word' id='word_1_93' title='bbox 118 650 233 702; x_wconf 91' lang='lat' dir='ltr'><strong>tan,</strong></span> <span class='ocrx_word' id='word_1_94' title='bbox 280 648 421 704; x_wconf 90' lang='lat' dir='ltr'><strong>quod</strong></span> <span class='ocrx_word' id='word_1_95' title='bbox 465 647 681 692; x_wconf 91' lang='lat' dir='ltr'><strong>iniuria</strong></span> <span class='ocrx_word' id='word_1_96' title='bbox 724 649 1047 703; x_wconf 88' lang='lat' dir='ltr'><strong>temporum</strong></span> <span class='ocrx_word' id='word_1_97' title='bbox 1086 648 1225 692; x_wconf 90' lang='lat' dir='ltr'><strong>fieri</strong></span> <span class='ocrx_word' id='word_1_98' title='bbox 1269 648 1494 703; x_wconf 88' lang='lat' dir='ltr'><strong>potuit,</strong></span> <span class='ocrx_word' id='word_1_99' title='bbox 1539 647 1686 691; x_wconf 88' lang='lat' dir='ltr'><strong>alius</strong></span> <span class='ocrx_word' id='word_1_100' title='bbox 1726 648 2014 703; x_wconf 84' lang='lat' dir='ltr'><strong>quispiam</strong></span> <span class='ocrx_word' id='word_1_101' title='bbox 2059 648 2283 692; x_wconf 89' lang='lat' dir='ltr'><strong>sciolus</strong></span> <span class='ocrx_word' id='word_1_102' title='bbox 2312 646 2559 692; x_wconf 83' lang='lat' dir='ltr'><strong>Acronis</strong></span> 
     </span>
     <span class='ocr_line' id='line_1_8' title="bbox 117 715 2560 774; baseline -0.001 -13"><span class='ocrx_word' id='word_1_103' title='bbox 117 716 580 761; x_wconf 87' lang='lat' dir='ltr'><strong>commentarium</strong></span> <span class='ocrx_word' id='word_1_104' title='bbox 609 715 958 771; x_wconf 62' lang='lat' dir='ltr'><strong>corruperit?</strong></span> <span class='ocrx_word' id='word_1_105' title='bbox 1019 716 1247 761; x_wconf 87' lang='lat' dir='ltr'><strong>Sedtamen</strong></span> <span class='ocrx_word' id='word_1_106' title='bbox 1277 718 1328 760; x_wconf 93' lang='lat' dir='ltr'><strong>de</strong></span> <span class='ocrx_word' id='word_1_107' title='bbox 1358 717 1508 761; x_wconf 86' lang='lat' dir='ltr'><strong>fraude</strong></span> <span class='ocrx_word' id='word_1_108' title='bbox 1537 716 1751 760; x_wconf 89' lang='lat' dir='ltr'><strong>litteraria</strong></span> <span class='ocrx_word' id='word_1_109' title='bbox 1772 717 2007 761; x_wconf 85' lang='lat' dir='ltr'><strong>Glareanus</strong></span> <span class='ocrx_word' id='word_1_110' title='bbox 2027 718 2250 774; x_wconf 86' lang='lat' dir='ltr'><strong>cognitum</strong></span> <span class='ocrx_word' id='word_1_111' title='bbox 2269 717 2378 760; x_wconf 89' lang='lat' dir='ltr'><strong>nihil</strong></span> <span class='ocrx_word' id='word_1_112' title='bbox 2406 715 2560 760; x_wconf 90' lang='lat' dir='ltr'><strong>habuit</strong></span> 
     </span>
     <span class='ocr_line' id='line_1_9' title="bbox 116 785 2560 842; baseline -0.001 -13"><span class='ocrx_word' id='word_1_113' title='bbox 116 798 253 842; x_wconf 83' lang='lat' dir='ltr'><strong>neque</strong></span> <span class='ocrx_word' id='word_1_114' title='bbox 281 786 398 829; x_wconf 90' lang='lat' dir='ltr'><strong>certa</strong></span> <span class='ocrx_word' id='word_1_115' title='bbox 429 785 552 829; x_wconf 86' lang='lat' dir='ltr'><strong>video</strong></span> <span class='ocrx_word' id='word_1_116' title='bbox 584 786 837 842; x_wconf 86' lang='lat' dir='ltr'><strong>argumenta</strong></span> <span class='ocrx_word' id='word_1_117' title='bbox 852 818 863 838; x_wconf 89' lang='lat'><strong>,</strong></span> <span class='ocrx_word' id='word_1_118' title='bbox 894 798 1001 841; x_wconf 89' lang='lat' dir='ltr'><strong>quae</strong></span> <span class='ocrx_word' id='word_1_119' title='bbox 1031 786 1211 840; x_wconf 75' lang='lat' dir='ltr'><strong>probent</strong></span> <span class='ocrx_word' id='word_1_120' title='bbox 1226 819 1237 839; x_wconf 90' lang='lat'><strong>,</strong></span> <span class='ocrx_word' id='word_1_121' title='bbox 1267 785 1409 840; x_wconf 89' lang='lat' dir='ltr'><strong>ipsum</strong></span> <span class='ocrx_word' id='word_1_122' title='bbox 1437 785 1620 829; x_wconf 88' lang='lat' dir='ltr'><strong>Acronis</strong></span> <span class='ocrx_word' id='word_1_123' title='bbox 1651 798 1803 828; x_wconf 90' lang='lat' dir='ltr'><strong>nomen</strong></span> <span class='ocrx_word' id='word_1_124' title='bbox 1832 798 1906 839; x_wconf 89' lang='lat' dir='ltr'><strong>per</strong></span> <span class='ocrx_word' id='word_1_125' title='bbox 1935 786 2130 829; x_wconf 88' lang='lat' dir='ltr'><strong>fraudem</strong></span> <span class='ocrx_word' id='word_1_126' title='bbox 2159 798 2250 829; x_wconf 90' lang='lat' dir='ltr'><strong>esse</strong></span> <span class='ocrx_word' id='word_1_127' title='bbox 2279 786 2453 829; x_wconf 86' lang='lat' dir='ltr'><strong>scholiis</strong></span> <span class='ocrx_word' id='word_1_128' title='bbox 2484 785 2560 828; x_wconf 90' lang='lat' dir='ltr'><strong>ad·</strong></span> 
     </span>
     <span class='ocr_line' id='line_1_10' title="bbox 116 853 2560 910; baseline -0.001 -11"><span class='ocrx_word' id='word_1_129' title='bbox 116 854 339 910; x_wconf 85' lang='lat' dir='ltr'><strong>scriptum.</strong></span> <span class='ocrx_word' id='word_1_130' title='bbox 398 853 541 910; x_wconf 88' lang='lat' dir='ltr'><strong>Atque</strong></span> <span class='ocrx_word' id='word_1_131' title='bbox 571 855 744 898; x_wconf 89' lang='lat' dir='ltr'><strong>tantum</strong></span> <span class='ocrx_word' id='word_1_132' title='bbox 784 853 928 907; x_wconf 87' lang='lat' dir='ltr'><strong>abest,</strong></span> <span class='ocrx_word' id='word_1_133' title='bbox 968 855 1019 897; x_wconf 89' lang='lat' dir='ltr'><strong>ut</strong></span> <span class='ocrx_word' id='word_1_134' title='bbox 1060 854 1345 898; x_wconf 87' lang='lat' dir='ltr'><strong>Hauthalium</strong></span> <span class='ocrx_word' id='word_1_135' title='bbox 1375 855 1473 898; x_wconf 87' lang='lat' dir='ltr'><strong>acta</strong></span> <span class='ocrx_word' id='word_1_136' title='bbox 1503 865 1630 910; x_wconf 88' lang='lat' dir='ltr'><strong>agere</strong></span> <span class='ocrx_word' id='word_1_137' title='bbox 1661 854 1820 908; x_wconf 89' lang='lat' dir='ltr'><strong>putem,</strong></span> <span class='ocrx_word' id='word_1_138' title='bbox 1850 854 1898 898; x_wconf 88' lang='lat' dir='ltr'><strong>ut</strong></span> <span class='ocrx_word' id='word_1_139' title='bbox 1928 854 1983 898; x_wconf 89' lang='lat' dir='ltr'><strong>ad</strong></span> <span class='ocrx_word' id='word_1_140' title='bbox 2012 854 2278 910; x_wconf 85' lang='lat' dir='ltr'><strong>provinciam</strong></span> <span class='ocrx_word' id='word_1_141' title='bbox 2307 867 2429 899; x_wconf 89' lang='lat' dir='ltr'><strong>suam</strong></span> <span class='ocrx_word' id='word_1_142' title='bbox 2459 853 2560 897; x_wconf 89' lang='lat' dir='ltr'><strong>dili·</strong></span> 
     </span>
     <span class='ocr_line' id='line_1_11' title="bbox 118 921 2055 982; baseline 0 -15"><span class='ocrx_word' id='word_1_143' title='bbox 118 924 270 979; x_wconf 78' lang='lat' dir='ltr'><strong>genter</strong></span> <span class='ocrx_word' id='word_1_144' title='bbox 314 924 443 978; x_wconf 88' lang='lat' dir='ltr'><strong>atque</strong></span> <span class='ocrx_word' id='word_1_145' title='bbox 486 925 655 982; x_wconf 83' lang='lat' dir='ltr'><strong>strenue</strong></span> <span class='ocrx_word' id='word_1_146' title='bbox 698 923 1001 966; x_wconf 85' lang='lat' dir='ltr'><strong>absolvendam</strong></span> <span class='ocrx_word' id='word_1_147' title='bbox 1046 923 1171 967; x_wconf 86' lang='lat' dir='ltr'><strong>iustis</strong></span> <span class='ocrx_word' id='word_1_148' title='bbox 1200 924 1400 967; x_wconf 89' lang='lat' dir='ltr'><strong>laudibus</strong></span> <span class='ocrx_word' id='word_1_149' title='bbox 1431 922 1680 966; x_wconf 86' lang='lat' dir='ltr'><strong>excitandus</strong></span> <span class='ocrx_word' id='word_1_150' title='bbox 1711 922 1818 965; x_wconf 89' lang='lat' dir='ltr'><strong>mihi</strong></span> <span class='ocrx_word' id='word_1_151' title='bbox 1847 921 2055 967; x_wconf 84' lang='lat' dir='ltr'><strong>videatur.</strong></span> 
     </span>
    </p>

    <p class='ocr_par' dir='ltr' id='par_1_2' title="bbox 115 991 2561 1601">
     <span class='ocr_line' id='line_1_12' title="bbox 317 991 2558 1047; baseline 0 -12"><span class='ocrx_word' id='word_1_152' title='bbox 317 992 411 1035; x_wconf 85' lang='lat' dir='ltr'><strong>Iam</strong></span> <span class='ocrx_word' id='word_1_153' title='bbox 442 991 496 1036; x_wconf 91' lang='lat' dir='ltr'><strong>ad</strong></span> <span class='ocrx_word' id='word_1_154' title='bbox 515 991 644 1036; x_wconf 92' lang='lat' dir='ltr'><strong>finem</strong></span> <span class='ocrx_word' id='word_1_155' title='bbox 664 992 835 1036; x_wconf 84' lang='lat' dir='ltr'><strong>litterae</strong></span> <span class='ocrx_word' id='word_1_156' title='bbox 865 1004 983 1036; x_wconf 86' lang='lat' dir='ltr'><strong>meae</strong></span> <span class='ocrx_word' id='word_1_157' title='bbox 1003 993 1231 1047; x_wconf 86' lang='lat' dir='ltr'><strong>perductae</strong></span> <span class='ocrx_word' id='word_1_158' title='bbox 1260 994 1374 1046; x_wconf 86' lang='lat' dir='ltr'><strong>sunt,</strong></span> <span class='ocrx_word' id='word_1_159' title='bbox 1404 993 1567 1035; x_wconf 89' lang='lat' dir='ltr'><strong>Herm</strong></span> <span class='ocrx_word' id='word_1_160' title='bbox 1579 1004 1712 1035; x_wconf 89' lang='lat' dir='ltr'><strong>anne</strong></span> <span class='ocrx_word' id='word_1_161' title='bbox 1743 992 2002 1036; x_wconf 88' lang='lat' dir='ltr'><strong>Usenere.</strong></span> <span class='ocrx_word' id='word_1_162' title='bbox 2063 993 2180 1047; x_wconf 85' lang='lat' dir='ltr'><strong>Quae</strong></span> <span class='ocrx_word' id='word_1_163' title='bbox 2220 993 2272 1036; x_wconf 89' lang='lat' dir='ltr'><strong>de</strong></span> <span class='ocrx_word' id='word_1_164' title='bbox 2305 1005 2349 1036; x_wconf 90' lang='lat' dir='ltr'><strong>re</strong></span> <span class='ocrx_word' id='word_1_165' title='bbox 2380 993 2558 1036; x_wconf 89' lang='lat' dir='ltr'><strong>obscura</strong></span> 
     </span>
     <span class='ocr_line' id='line_1_13' title="bbox 117 1059 2560 1118; baseline 0 -15"><span class='ocrx_word' id='word_1_166' title='bbox 117 1073 193 1116; x_wconf 92' lang='lat' dir='ltr'><strong>pro</strong></span> <span class='ocrx_word' id='word_1_167' title='bbox 224 1059 468 1104; x_wconf 88' lang='lat' dir='ltr'><strong>condicione</strong></span> <span class='ocrx_word' id='word_1_168' title='bbox 498 1073 639 1104; x_wconf 91' lang='lat' dir='ltr'><strong>rerum</strong></span> <span class='ocrx_word' id='word_1_169' title='bbox 669 1061 713 1104; x_wconf 92' lang='lat' dir='ltr'><strong>et</strong></span> <span class='ocrx_word' id='word_1_170' title='bbox 741 1060 899 1105; x_wconf 85' lang='lat' dir='ltr'><strong>virium</strong></span> <span class='ocrx_word' id='word_1_171' title='bbox 930 1073 1119 1105; x_wconf 88' lang='lat' dir='ltr'><strong>mearum</strong></span> <span class='ocrx_word' id='word_1_172' title='bbox 1147 1060 1355 1105; x_wconf 86' lang='lat' dir='ltr'><strong>facultate</strong></span> <span class='ocrx_word' id='word_1_173' title='bbox 1385 1061 1620 1118; x_wconf 87' lang='lat' dir='ltr'><strong>perquisita</strong></span> <span class='ocrx_word' id='word_1_174' title='bbox 1650 1062 1693 1104; x_wconf 89' lang='lat' dir='ltr'><strong>et</strong></span> <span class='ocrx_word' id='word_1_175' title='bbox 1724 1061 1914 1116; x_wconf 81' lang='lat' dir='ltr'><strong>exposita</strong></span> <span class='ocrx_word' id='word_1_176' title='bbox 1955 1062 2009 1105; x_wconf 91' lang='lat' dir='ltr'><strong>ad</strong></span> <span class='ocrx_word' id='word_1_177' title='bbox 2053 1062 2146 1116; x_wconf 81' lang='lat' dir='ltr'><strong>Te,</strong></span> <span class='ocrx_word' id='word_1_178' title='bbox 2192 1062 2253 1105; x_wconf 90' lang='lat' dir='ltr'><strong>Vi</strong></span> <span class='ocrx_word' id='word_1_179' title='bbox 2268 1077 2289 1106; x_wconf 89' lang='lat' dir='ltr'><strong>r</strong></span> <span class='ocrx_word' id='word_1_180' title='bbox 2333 1061 2560 1106; x_wconf 85' lang='lat' dir='ltr'><strong>Doctis-</strong></span> 
     </span>
     <span class='ocr_line' id='line_1_14' title="bbox 117 1129 2561 1186; baseline 0.001 -15"><span class='ocrx_word' id='word_1_181' title='bbox 117 1129 280 1181; x_wconf 90' lang='lat' dir='ltr'><strong>sime,</strong></span> <span class='ocrx_word' id='word_1_182' title='bbox 310 1129 380 1171; x_wconf 91' lang='lat' dir='ltr'><strong>cui</strong></span> <span class='ocrx_word' id='word_1_183' title='bbox 410 1129 691 1183; x_wconf 77' lang='lat' dir='ltr'><strong>quantumin</strong></span> <span class='ocrx_word' id='word_1_184' title='bbox 719 1129 837 1172; x_wconf 88' lang='lat' dir='ltr'><strong>hisce</strong></span> <span class='ocrx_word' id='word_1_185' title='bbox 865 1129 990 1172; x_wconf 91' lang='lat' dir='ltr'><strong>rebus</strong></span> <span class='ocrx_word' id='word_1_186' title='bbox 1021 1129 1198 1173; x_wconf 86' lang='lat' dir='ltr'><strong>debeam</strong></span> <span class='ocrx_word' id='word_1_187' title='bbox 1217 1130 1348 1184; x_wconf 90' lang='lat' dir='ltr'><strong>probe</strong></span> <span class='ocrx_word' id='word_1_188' title='bbox 1368 1131 1468 1183; x_wconf 86' lang='lat' dir='ltr'><strong>scio,</strong></span> <span class='ocrx_word' id='word_1_189' title='bbox 1498 1130 1671 1173; x_wconf 87' lang='lat' dir='ltr'><strong>mittere</strong></span> <span class='ocrx_word' id='word_1_190' title='bbox 1702 1130 1831 1182; x_wconf 84' lang='lat' dir='ltr'><strong>volui,</strong></span> <span class='ocrx_word' id='word_1_191' title='bbox 1859 1130 1974 1183; x_wconf 92' lang='lat' dir='ltr'><strong>boni,</strong></span> <span class='ocrx_word' id='word_1_192' title='bbox 2005 1143 2174 1186; x_wconf 88' lang='lat' dir='ltr'><strong>quaeso,</strong></span> <span class='ocrx_word' id='word_1_193' title='bbox 2204 1131 2390 1175; x_wconf 89' lang='lat' dir='ltr'><strong>consule.</strong></span> <span class='ocrx_word' id='word_1_194' title='bbox 2436 1130 2561 1185; x_wconf 86' lang='lat' dir='ltr'><strong>Quod</strong></span> 
     </span>
     <span class='ocr_line' id='line_1_15' title="bbox 116 1196 2559 1254; baseline 0.001 -13"><span class='ocrx_word' id='word_1_195' title='bbox 116 1196 249 1251; x_wconf 80' lang='lat' dir='ltr'><strong>volui,</strong></span> <span class='ocrx_word' id='word_1_196' title='bbox 279 1210 376 1242; x_wconf 92' lang='lat' dir='ltr'><strong>cum</strong></span> <span class='ocrx_word' id='word_1_197' title='bbox 405 1211 490 1242; x_wconf 92' lang='lat' dir='ltr'><strong>non</strong></span> <span class='ocrx_word' id='word_1_198' title='bbox 519 1198 743 1243; x_wconf 85' lang='lat' dir='ltr'><strong>adsecutus</strong></span> <span class='ocrx_word' id='word_1_199' title='bbox 773 1198 869 1251; x_wconf 90' lang='lat' dir='ltr'><strong>sim,</strong></span> <span class='ocrx_word' id='word_1_200' title='bbox 890 1211 1070 1254; x_wconf 88' lang='lat' dir='ltr'><strong>cumque</strong></span> <span class='ocrx_word' id='word_1_201' title='bbox 1099 1199 1295 1242; x_wconf 89' lang='lat' dir='ltr'><strong>accurate</strong></span> <span class='ocrx_word' id='word_1_202' title='bbox 1334 1199 1612 1253; x_wconf 87' lang='lat' dir='ltr'><strong>perspiciam,</strong></span> <span class='ocrx_word' id='word_1_203' title='bbox 1659 1202 1868 1252; x_wconf 89' lang='lat' dir='ltr'><strong>quantum</strong></span> <span class='ocrx_word' id='word_1_204' title='bbox 1913 1200 2071 1243; x_wconf 89' lang='lat' dir='ltr'><strong>laboris</strong></span> <span class='ocrx_word' id='word_1_205' title='bbox 2113 1201 2215 1243; x_wconf 87' lang='lat' dir='ltr'><strong>viris</strong></span> <span class='ocrx_word' id='word_1_206' title='bbox 2261 1213 2329 1243; x_wconf 93' lang='lat' dir='ltr'><strong>me</strong></span> <span class='ocrx_word' id='word_1_207' title='bbox 2371 1203 2415 1243; x_wconf 92' lang='lat' dir='ltr'><strong>et</strong></span> <span class='ocrx_word' id='word_1_208' title='bbox 2460 1200 2559 1243; x_wconf 90' lang='lat' dir='ltr'><strong>doc·</strong></span> 
     </span>
     <span class='ocr_line' id='line_1_16' title="bbox 115 1265 2558 1325; baseline 0.001 -16"><span class='ocrx_word' id='word_1_209' title='bbox 115 1265 297 1309; x_wconf 85' lang='lat' dir='ltr'><strong>tioribus</strong></span> <span class='ocrx_word' id='word_1_210' title='bbox 342 1267 386 1309; x_wconf 89' lang='lat' dir='ltr'><strong>et</strong></span> <span class='ocrx_word' id='word_1_211' title='bbox 415 1266 704 1322; x_wconf 85' lang='lat' dir='ltr'><strong>sagacioribus</strong></span> <span class='ocrx_word' id='word_1_212' title='bbox 734 1266 1015 1322; x_wconf 85' lang='lat' dir='ltr'><strong>relinquatur,</strong></span> <span class='ocrx_word' id='word_1_213' title='bbox 1046 1266 1083 1310; x_wconf 91' lang='lat' dir='ltr'><strong>si</strong></span> <span class='ocrx_word' id='word_1_214' title='bbox 1112 1266 1238 1310; x_wconf 90' lang='lat' dir='ltr'><strong>modo</strong></span> <span class='ocrx_word' id='word_1_215' title='bbox 1267 1267 1348 1310; x_wconf 90' lang='lat' dir='ltr'><strong>hoc</strong></span> <span class='ocrx_word' id='word_1_216' title='bbox 1377 1267 1606 1311; x_wconf 89' lang='lat' dir='ltr'><strong>molestum</strong></span> <span class='ocrx_word' id='word_1_217' title='bbox 1637 1268 1765 1322; x_wconf 91' lang='lat' dir='ltr'><strong>atque</strong></span> <span class='ocrx_word' id='word_1_218' title='bbox 1799 1268 2042 1311; x_wconf 86' lang='lat' dir='ltr'><strong>tortuosum</strong></span> <span class='ocrx_word' id='word_1_219' title='bbox 2071 1268 2314 1312; x_wconf 88' lang='lat' dir='ltr'><strong>litterarum</strong></span> <span class='ocrx_word' id='word_1_220' title='bbox 2350 1281 2482 1325; x_wconf 88' lang='lat' dir='ltr'><strong>genus</strong></span> <span class='ocrx_word' id='word_1_221' title='bbox 2513 1269 2558 1312; x_wconf 91' lang='lat' dir='ltr'><strong>in</strong></span> 
     </span>
     <span class='ocr_line' id='line_1_17' title="bbox 117 1333 2560 1393; baseline 0.001 -14"><span class='ocrx_word' id='word_1_222' title='bbox 117 1346 213 1379; x_wconf 89' lang='lat' dir='ltr'><strong>eam</strong></span> <span class='ocrx_word' id='word_1_223' title='bbox 241 1333 424 1378; x_wconf 87' lang='lat' dir='ltr'><strong>formam</strong></span> <span class='ocrx_word' id='word_1_224' title='bbox 453 1335 582 1391; x_wconf 90' lang='lat' dir='ltr'><strong>atque</strong></span> <span class='ocrx_word' id='word_1_225' title='bbox 610 1334 793 1390; x_wconf 90' lang='lat' dir='ltr'><strong>speciem</strong></span> <span class='ocrx_word' id='word_1_226' title='bbox 811 1369 821 1389; x_wconf 95' lang='lat'><strong>,</strong></span> <span class='ocrx_word' id='word_1_227' title='bbox 867 1348 974 1391; x_wconf 87' lang='lat' dir='ltr'><strong>quae</strong></span> <span class='ocrx_word' id='word_1_228' title='bbox 1003 1335 1283 1379; x_wconf 88' lang='lat' dir='ltr'><strong>severioribus</strong></span> <span class='ocrx_word' id='word_1_229' title='bbox 1312 1336 1417 1379; x_wconf 88' lang='lat' dir='ltr'><strong>artis</strong></span> <span class='ocrx_word' id='word_1_230' title='bbox 1458 1337 1628 1380; x_wconf 87' lang='lat' dir='ltr'><strong>nostrae</strong></span> <span class='ocrx_word' id='word_1_231' title='bbox 1672 1336 1840 1392; x_wconf 88' lang='lat' dir='ltr'><strong>legibus</strong></span> <span class='ocrx_word' id='word_1_232' title='bbox 1879 1336 2140 1390; x_wconf 87' lang='lat' dir='ltr'><strong>satisfaciat,</strong></span> <span class='ocrx_word' id='word_1_233' title='bbox 2176 1338 2368 1393; x_wconf 85' lang='lat' dir='ltr'><strong>redigere</strong></span> <span class='ocrx_word' id='word_1_234' title='bbox 2408 1350 2560 1393; x_wconf 87' lang='lat' dir='ltr'><strong>operae</strong></span> 
     </span>
     <span class='ocr_line' id='line_1_18' title="bbox 118 1404 2561 1464; baseline 0.001 -16"><span class='ocrx_word' id='word_1_235' title='bbox 118 1404 304 1460; x_wconf 86' lang='lat' dir='ltr'><strong>pretium</strong></span> <span class='ocrx_word' id='word_1_236' title='bbox 333 1405 411 1458; x_wconf 90' lang='lat' dir='ltr'><strong>est,</strong></span> <span class='ocrx_word' id='word_1_237' title='bbox 441 1404 551 1448; x_wconf 92' lang='lat' dir='ltr'><strong>nihil</strong></span> <span class='ocrx_word' id='word_1_238' title='bbox 586 1404 817 1461; x_wconf 90' lang='lat' dir='ltr'><strong>antiquius,</strong></span> <span class='ocrx_word' id='word_1_239' title='bbox 862 1405 1108 1461; x_wconf 89' lang='lat' dir='ltr'><strong>priusquam</strong></span> <span class='ocrx_word' id='word_1_240' title='bbox 1137 1405 1215 1449; x_wconf 89' lang='lat' dir='ltr'><strong>has</strong></span> <span class='ocrx_word' id='word_1_241' title='bbox 1245 1405 1413 1449; x_wconf 89' lang='lat' dir='ltr'><strong>litteras</strong></span> <span class='ocrx_word' id='word_1_242' title='bbox 1444 1405 1697 1449; x_wconf 90' lang='lat' dir='ltr'><strong>concludam</strong></span> <span class='ocrx_word' id='word_1_243' title='bbox 1712 1440 1722 1460; x_wconf 92' lang='lat'><strong>,</strong></span> <span class='ocrx_word' id='word_1_244' title='bbox 1764 1406 1898 1450; x_wconf 90' lang='lat' dir='ltr'><strong>habeo</strong></span> <span class='ocrx_word' id='word_1_245' title='bbox 1912 1440 1922 1459; x_wconf 98' lang='lat'><strong>,</strong></span> <span class='ocrx_word' id='word_1_246' title='bbox 1964 1420 2092 1463; x_wconf 89' lang='lat' dir='ltr'><strong>quam</strong></span> <span class='ocrx_word' id='word_1_247' title='bbox 2121 1408 2170 1451; x_wconf 89' lang='lat' dir='ltr'><strong>ut</strong></span> <span class='ocrx_word' id='word_1_248' title='bbox 2199 1407 2316 1451; x_wconf 89' lang='lat' dir='ltr'><strong>omni</strong></span> <span class='ocrx_word' id='word_1_249' title='bbox 2330 1441 2341 1460; x_wconf 98' lang='lat'><strong>,</strong></span> <span class='ocrx_word' id='word_1_250' title='bbox 2372 1421 2455 1464; x_wconf 90' lang='lat' dir='ltr'><strong>qua</strong></span> <span class='ocrx_word' id='word_1_251' title='bbox 2483 1420 2561 1463; x_wconf 90' lang='lat' dir='ltr'><strong>par</strong></span> 
     </span>
     <span class='ocr_line' id='line_1_19' title="bbox 118 1474 2560 1531; baseline 0.002 -14"><span class='ocrx_word' id='word_1_252' title='bbox 118 1474 199 1527; x_wconf 88' lang='lat' dir='ltr'><strong>est,</strong></span> <span class='ocrx_word' id='word_1_253' title='bbox 228 1474 441 1518; x_wconf 86' lang='lat' dir='ltr'><strong>industria</strong></span> <span class='ocrx_word' id='word_1_254' title='bbox 478 1475 606 1528; x_wconf 66' lang='lat' dir='ltr'><strong>amue</strong></span> <span class='ocrx_word' id='word_1_255' title='bbox 635 1475 864 1531; x_wconf 86' lang='lat' dir='ltr'><strong>diligentia</strong></span> <span class='ocrx_word' id='word_1_256' title='bbox 892 1476 1036 1529; x_wconf 87' lang='lat' dir='ltr'><strong>petam</strong></span> <span class='ocrx_word' id='word_1_257' title='bbox 1068 1479 1101 1519; x_wconf 77' lang='lat' dir='ltr'><strong>&#39;a</strong></span> <span class='ocrx_word' id='word_1_258' title='bbox 1139 1475 1231 1528; x_wconf 84' lang='lat' dir='ltr'><strong>Te,</strong></span> <span class='ocrx_word' id='word_1_259' title='bbox 1273 1475 1367 1517; x_wconf 86' lang='lat' dir='ltr'><strong>Vir</strong></span> <span class='ocrx_word' id='word_1_260' title='bbox 1406 1475 1786 1528; x_wconf 89' lang='lat' dir='ltr'><strong>Doctissime,</strong></span> <span class='ocrx_word' id='word_1_261' title='bbox 1827 1477 1876 1518; x_wconf 91' lang='lat' dir='ltr'><strong>ut</strong></span> <span class='ocrx_word' id='word_1_262' title='bbox 1916 1476 2171 1520; x_wconf 81' lang='lat' dir='ltr'><strong>benevolum</strong></span> <span class='ocrx_word' id='word_1_263' title='bbox 2202 1489 2297 1520; x_wconf 90' lang='lat' dir='ltr'><strong>mea</strong></span> <span class='ocrx_word' id='word_1_264' title='bbox 2327 1477 2386 1520; x_wconf 83' lang='lat' dir='ltr'><strong>Te</strong></span> <span class='ocrx_word' id='word_1_265' title='bbox 2416 1477 2560 1521; x_wconf 89' lang='lat' dir='ltr'><strong>studia</strong></span> 
     </span>
     <span class='ocr_line' id='line_1_20' title="bbox 117 1542 1077 1601; baseline 0 -15"><span class='ocrx_word' id='word_1_266' title='bbox 117 1542 451 1601; x_wconf 85' lang='lat' dir='ltr'><strong>existimatorem</strong></span> <span class='ocrx_word' id='word_1_267' title='bbox 480 1543 669 1586; x_wconf 89' lang='lat' dir='ltr'><strong>invenire</strong></span> <span class='ocrx_word' id='word_1_268' title='bbox 699 1543 890 1598; x_wconf 88' lang='lat' dir='ltr'><strong>patiaris.</strong></span> <span class='ocrx_word' id='word_1_269' title='bbox 949 1543 1077 1587; x_wconf 87' lang='lat' dir='ltr'><strong>Vale!</strong></span> 
     </span>
    </p>
   </div>
   <div class='ocr_carea' id='block_1_2' title="bbox 322 1672 1787 1717">
    <p class='ocr_par' dir='ltr' id='par_1_3' title="bbox 322 1672 1787 1717">
     <span class='ocr_line' id='line_1_21' title="bbox 322 1672 1787 1717; baseline 0 -2"><span class='ocrx_word' id='word_1_270' title='bbox 322 1672 565 1716; x_wconf 89' lang='lat' dir='ltr'><strong>Scribebam</strong></span> <span class='ocrx_word' id='word_1_271' title='bbox 597 1672 629 1717; x_wconf 88' lang='lat' dir='ltr'>C</span> <span class='ocrx_word' id='word_1_272' title='bbox 641 1685 664 1716; x_wconf 92' lang='lat' dir='ltr'><strong>o</strong></span> <span class='ocrx_word' id='word_1_273' title='bbox 673 1687 701 1715; x_wconf 92' lang='lat' dir='ltr'><strong>n</strong></span> <span class='ocrx_word' id='word_1_274' title='bbox 713 1672 735 1715; x_wconf 86' lang='lat' dir='ltr'><strong>f</strong></span> <span class='ocrx_word' id='word_1_275' title='bbox 742 1673 758 1715; x_wconf 97' lang='grc'>1</span> <span class='ocrx_word' id='word_1_276' title='bbox 769 1686 797 1715; x_wconf 83' lang='grc' dir='ltr'><strong>ιι</strong></span> <span class='ocrx_word' id='word_1_277' title='bbox 809 1685 831 1715; x_wconf 88' lang='lat' dir='ltr'><strong>e</strong></span> <span class='ocrx_word' id='word_1_278' title='bbox 841 1686 869 1715; x_wconf 92' lang='lat' dir='ltr'><strong>n</strong></span> <span class='ocrx_word' id='word_1_279' title='bbox 881 1674 900 1716; x_wconf 88' lang='lat' dir='ltr'><strong>t</strong></span> <span class='ocrx_word' id='word_1_280' title='bbox 911 1673 963 1716; x_wconf 91' lang='lat' dir='ltr'><strong>ib</strong></span> <span class='ocrx_word' id='word_1_281' title='bbox 975 1686 1003 1715; x_wconf 96' lang='lat' dir='ltr'><strong>u</strong></span> <span class='ocrx_word' id='word_1_282' title='bbox 1015 1685 1034 1716; x_wconf 88' lang='lat' dir='ltr'><strong>s</strong></span> <span class='ocrx_word' id='word_1_283' title='bbox 1073 1673 1183 1716; x_wconf 89' lang='lat' dir='ltr'><strong>Idib.</strong></span> <span class='ocrx_word' id='word_1_284' title='bbox 1214 1673 1245 1717; x_wconf 88' lang='lat' dir='ltr'>J</span> <span class='ocrx_word' id='word_1_285' title='bbox 1245 1673 1345 1715; x_wconf 89' lang='lat' dir='ltr'><strong>uliis</strong></span> <span class='ocrx_word' id='word_1_286' title='bbox 1376 1686 1413 1717; x_wconf 88' lang='lat' dir='ltr'><strong>a.</strong></span> <span class='ocrx_word' id='word_1_287' title='bbox 1443 1672 1787 1717; x_wconf 86' lang='lat' dir='ltr'><strong>MDCCCLXXI.</strong></span> 
     </span>
    </p>
   </div>
   <div class='ocr_carea' id='block_1_3' title="bbox 708 2243 2077 2586">
    <p class='ocr_par' dir='ltr' id='par_1_4' title="bbox 708 2243 2077 2586">
     <span class='ocr_line' id='line_1_22' title="bbox 708 2243 1995 2291; baseline -0.002 -9"><span class='ocrx_word' id='word_1_288' title='bbox 708 2243 1064 2290; x_wconf 68' lang='lat' dir='ltr'><strong>Corrigendus</strong></span> <span class='ocrx_word' id='word_1_289' title='bbox 1089 2254 1175 2291; x_wconf 82' lang='lat' dir='ltr'><strong>pag.</strong></span> <span class='ocrx_word' id='word_1_290' title='bbox 1225 2243 1246 2278; x_wconf 87' lang='lat'><strong>7</strong></span> <span class='ocrx_word' id='word_1_291' title='bbox 1271 2254 1350 2289; x_wconf 90' lang='lat' dir='ltr'><strong>sup.</strong></span> <span class='ocrx_word' id='word_1_292' title='bbox 1375 2243 1440 2283; x_wconf 79' lang='lat' dir='ltr'><strong>lin,</strong></span> <span class='ocrx_word' id='word_1_293' title='bbox 1467 2243 1511 2281; x_wconf 84' lang='lat'><strong>14</strong></span> <span class='ocrx_word' id='word_1_294' title='bbox 1534 2243 1625 2289; x_wconf 87' lang='lat' dir='ltr'><strong>leg.:</strong></span> <span class='ocrx_word' id='word_1_295' title='bbox 1650 2243 1773 2279; x_wconf 92' lang='lat' dir='ltr'><strong>liber</strong></span> <span class='ocrx_word' id='word_1_296' title='bbox 1797 2255 1995 2284; x_wconf 79' lang='lat' dir='ltr'><strong>manusc,</strong></span> 
     </span>
     <span class='ocr_line' id='line_1_23' title="bbox 1088 2302 1773 2349; baseline 0 -12"><span class='ocrx_word' id='word_1_297' title='bbox 1088 2313 1175 2348; x_wconf 88' lang='lat' dir='ltr'><strong>pag.</strong></span> <span class='ocrx_word' id='word_1_298' title='bbox 1224 2302 1246 2337; x_wconf 87' lang='lat'>9</span> <span class='ocrx_word' id='word_1_299' title='bbox 1269 2313 1352 2349; x_wconf 74' lang='lat' dir='ltr'><strong>sup,</strong></span> <span class='ocrx_word' id='word_1_300' title='bbox 1373 2302 1438 2342; x_wconf 82' lang='lat' dir='ltr'><strong>lin,</strong></span> <span class='ocrx_word' id='word_1_301' title='bbox 1466 2303 1508 2337; x_wconf 91' lang='lat'><strong>10</strong></span> <span class='ocrx_word' id='word_1_302' title='bbox 1532 2302 1623 2347; x_wconf 80' lang='lat' dir='ltr'><strong>leg,:</strong></span> <span class='ocrx_word' id='word_1_303' title='bbox 1649 2302 1773 2338; x_wconf 87' lang='lat' dir='ltr'><strong>codd.</strong></span> 
     </span>
     <span class='ocr_line' id='line_1_24' title="bbox 1093 2360 2060 2408; baseline 0.001 -11"><span class='ocrx_word' id='word_1_304' title='bbox 1093 2371 1179 2408; x_wconf 87' lang='lat' dir='ltr'><strong>pag.</strong></span> <span class='ocrx_word' id='word_1_305' title='bbox 1228 2363 1251 2399; x_wconf 82' lang='lat'><strong>9</strong></span> <span class='ocrx_word' id='word_1_306' title='bbox 1275 2371 1354 2407; x_wconf 89' lang='lat' dir='ltr'><strong>sup.</strong></span> <span class='ocrx_word' id='word_1_307' title='bbox 1377 2360 1443 2401; x_wconf 79' lang='lat' dir='ltr'><strong>lin,</strong></span> <span class='ocrx_word' id='word_1_308' title='bbox 1469 2360 1623 2407; x_wconf 80' lang='lat' dir='ltr'><strong>121eg‚:</strong></span> <span class='ocrx_word' id='word_1_309' title='bbox 1649 2361 2060 2404; x_wconf 79' lang='lat' dir='ltr'><strong>adnotationibus,</strong></span> 
     </span>
     <span class='ocr_line' id='line_1_25' title="bbox 1095 2420 1893 2466; baseline -0.001 -10"><span class='ocrx_word' id='word_1_310' title='bbox 1095 2431 1183 2466; x_wconf 79' lang='lat' dir='ltr'><strong>pag.</strong></span> <span class='ocrx_word' id='word_1_311' title='bbox 1209 2420 1252 2455; x_wconf 91' lang='lat'><strong>10</strong></span> <span class='ocrx_word' id='word_1_312' title='bbox 1276 2431 1356 2466; x_wconf 75' lang='lat' dir='ltr'><strong>sup,</strong></span> <span class='ocrx_word' id='word_1_313' title='bbox 1378 2420 1444 2460; x_wconf 74' lang='lat' dir='ltr'><strong>lin.</strong></span> <span class='ocrx_word' id='word_1_314' title='bbox 1494 2423 1514 2458; x_wconf 90' lang='lat'>1</span> <span class='ocrx_word' id='word_1_315' title='bbox 1537 2420 1627 2465; x_wconf 86' lang='lat' dir='ltr'><strong>leg.:</strong></span> <span class='ocrx_word' id='word_1_316' title='bbox 1654 2421 1893 2462; x_wconf 84' lang='lat' dir='ltr'><strong>momenti,</strong></span> 
     </span>
     <span class='ocr_line' id='line_1_26' title="bbox 1091 2479 2077 2527; baseline 0.001 -11"><span class='ocrx_word' id='word_1_317' title='bbox 1091 2490 1178 2527; x_wconf 87' lang='lat' dir='ltr'><strong>pag.</strong></span> <span class='ocrx_word' id='word_1_318' title='bbox 1205 2482 1250 2519; x_wconf 94' lang='lat'><strong>11</strong></span> <span class='ocrx_word' id='word_1_319' title='bbox 1274 2490 1354 2526; x_wconf 79' lang='lat' dir='ltr'><strong>sup,</strong></span> <span class='ocrx_word' id='word_1_320' title='bbox 1376 2479 1442 2520; x_wconf 85' lang='lat' dir='ltr'><strong>lin,</strong></span> <span class='ocrx_word' id='word_1_321' title='bbox 1491 2482 1511 2518; x_wconf 94' lang='lat'>1</span> <span class='ocrx_word' id='word_1_322' title='bbox 1534 2479 1626 2526; x_wconf 85' lang='lat' dir='ltr'><strong>leg.:</strong></span> <span class='ocrx_word' id='word_1_323' title='bbox 1652 2479 1787 2518; x_wconf 84' lang='lat' dir='ltr'><strong>valde</strong></span> <span class='ocrx_word' id='word_1_324' title='bbox 1811 2499 1858 2506; x_wconf 90' lang='lat'>—</span> <span class='ocrx_word' id='word_1_325' title='bbox 1882 2479 1972 2517; x_wconf 89' lang='lat' dir='ltr'><strong>del.:</strong></span> <span class='ocrx_word' id='word_1_326' title='bbox 1999 2492 2077 2527; x_wconf 86' lang='lat' dir='ltr'><strong>per</strong></span> 
     </span>
     <span class='ocr_line' id='line_1_27' title="bbox 1094 2539 2075 2586; baseline 0.001 -11"><span class='ocrx_word' id='word_1_327' title='bbox 1094 2551 1181 2586; x_wconf 85' lang='lat' dir='ltr'><strong>pag.</strong></span> <span class='ocrx_word' id='word_1_328' title='bbox 1208 2543 1252 2579; x_wconf 92' lang='lat'><strong>11</strong></span> <span class='ocrx_word' id='word_1_329' title='bbox 1275 2540 1341 2575; x_wconf 88' lang='lat' dir='ltr'><strong>inf.</strong></span> <span class='ocrx_word' id='word_1_330' title='bbox 1372 2539 1437 2576; x_wconf 87' lang='lat' dir='ltr'><strong>lin.</strong></span> <span class='ocrx_word' id='word_1_331' title='bbox 1485 2540 1622 2586; x_wconf 79' lang='lat' dir='ltr'><strong>41eg,:</strong></span> <span class='ocrx_word' id='word_1_332' title='bbox 1649 2541 2075 2578; x_wconf 86' lang='lat' dir='ltr'><strong>accommodavisse</strong></span> 
     </span>
    </p>
   </div>
  </div>
 </body>
</html>
