2714 3556
101 287 421 331 absorbsit:
453 286 583 329 habet
614 286 751 328 enim:
784 288 827 328 et
858 287 1077 335 Minervae
1109 288 1203 330 ideo
1235 288 1369 331 dicati
1400 288 1499 343 quia
1530 287 1701 344 ingenio
1742 287 1809 330 usi
1839 288 1940 331 sunt
1969 288 2173 333 Romani:
2213 289 2259 336 τὸ
2290 291 2487 348 ingenio,
2516 291 2565 336 in

102 370 189 401 uno
221 369 270 400 ex
301 356 354 400 iis
385 355 540 400 Bland.
570 355 766 407 habetur,
797 355 1005 411 ingenua;
1053 356 1096 400 in
1138 356 1237 410 alio,
1281 356 1496 414 ingenita:
1546 356 1999 412 antiquissimus
2049 360 2239 404 autem
2288 361 2448 406 totus
2494 359 2564 415 ad

103 426 280 470 finem
310 426 473 468 huius
504 424 795 480 epistolae
841 425 1041 480 partim
1086 426 1469 470 oblitteratus
1513 428 1617 480 est,
1661 426 1871 482 partim
1918 426 2102 471 lacer!
2164 427 2304 482 Quare
2333 430 2475 474 nescio
2505 443 2561 475 an

102 495 233 539 Tibi
265 493 562 550 persuaserim,
594 494 949 538 commentarium
966 495 1151 538 Acronis
1182 494 1269 538 iam
1299 495 1611 552 antiquissimis
1641 495 1906 552 temporibus
1935 496 2188 540 mutilatum
2218 509 2309 543 esse
2326 532 2337 551 ,
2371 499 2556 544 novissi·

102 577 196 608 mos
213 565 358 608 autem
378 563 565 607 Aci-onis
594 562 727 606 libros
757 575 972 609 manuscc.
1004 564 1289 608 multifariam
1320 564 1556 621 descriptos
1577 564 1672 609 ideo
1707 577 1790 609 11011
1820 564 1989 622 integra
2019 564 2214 610 exhibere
2239 566 2417 621 scholia,
2447 565 2562 624 quod

101 636 292 677 extrema
312 633 611 675 commentarii
633 646 731 686 pars
753 634 841 675 iam
872 634 913 675 in
938 635 1056 676 illius
1078 634 1247 686 aetatiS‚
1278 635 1398 676 cuius
1428 635 1573 677 liber
1602 635 1796 677 Bland.
1828 635 2277 688 antiquissimus
2307 636 2406 688 fuit,
2436 636 2560 679 libris

102 714 317 746 manusco.
349 701 572 744 evanuerit
603 701 678 755 (cf.
711 714 752 756 p.
784 703 810 744 8
840 702 937 755 sq.).

309 770 426 824 Quae
457 783 555 813 cum
585 770 648 813 ita
678 771 780 822 sint,
812 784 1017 826 perquam
1047 771 1283 826 lugendum
1315 773 1394 824 est,
1424 770 1710 814 Hauthalium
1751 770 1802 813 de
1834 771 2099 814 diversarum
2138 771 2333 814 codicum
2373 771 2562 815 familia-

101 853 199 882 rum
230 840 343 882 inter
374 853 416 882 se
438 841 481 882 et
501 839 789 883 similitudine
819 841 862 883 et
892 840 1245 883 dissimilitudine
1277 852 1385 894 quae
1415 840 1459 882 in
1488 839 1611 883 libris
1643 852 1875 882 manuscrr.
1907 839 2071 882 invenit
2100 839 2290 883 nondum
2319 840 2560 884 accuratius

100 908 355 964 exposuisse.
417 907 562 951 Primo
585 920 750 964 quoque
770 909 960 964 tempore
990 910 1039 952 ut
1069 910 1144 952 aut
1164 908 1255 964 ipse
1275 908 1537 952 Hauthalius
1568 909 1643 951 aut
1665 907 1714 952 O.
1735 907 1934 951 Kellerus
1967 909 2075 952 hanc
2104 908 2312 952 librorum
2341 920 2558 953 manuscc.

103 979 317 1022 rationem
350 978 582 1033 diligenter
613 979 743 1033 atque
773 978 993 1034 religiose,
1026 980 1073 1020 ut
1105 990 1180 1033 par
1212 979 1291 1031 est,
1323 978 1534 1021 examinet
1565 979 1692 1032 atque
1723 979 1904 1027 enarret,
1936 989 1985 1020 eo
2016 978 2154 1034 magis
2183 989 2334 1033 rogare
2364 978 2559 1020 nostrum
2629 1008 2634 1014 .

102 1049 182 1100 est,
215 1059 296 1101 quo
339 1046 596 1098 accuratius,
640 1049 848 1101 quantum
888 1047 1026 1090 adhuc
1070 1048 1123 1090 ab
1167 1048 1272 1091 artis
1313 1048 1487 1091 criticae
1526 1059 1671 1090 severa
1713 1048 1842 1102 atque
1885 1046 2075 1101 perfecta
2105 1047 2321 1102 elegantia
2351 1046 2557 1099 absimus,

102 1117 414 1173 cognoscimus,
473 1116 587 1159 Nam
629 1116 761 1160 etiam
792 1116 915 1160 Ferd.
947 1117 1207 1160 Hauthalius
1248 1117 1293 1160 in
1331 1117 1517 1160 editione
1555 1115 1815 1159 scholiorum
1855 1116 2103 1160 adornanda
2145 1116 2273 1160 nimis
2316 1115 2558 1171 ,eclecticae

104 1186 174 1228 illi
207 1185 424 1228 codicibus
457 1185 606 1228 utendi
627 1186 800 1237 rationi,
833 1197 960 1238 quam
991 1186 1183 1228 homines
1215 1185 1427 1241 philologi
1456 1184 1647 1239 plerique
1678 1186 1778 1227 ante
1809 1185 1914 1227 haec
1943 1187 2090 1228 nostra
2119 1186 2312 1240 tempora
2342 1185 2387 1226 in
2417 1184 2557 1227 verbis

102 1256 364 1309 scriptorum
402 1256 599 1297 veterum
636 1255 951 1308 pertractandis
994 1255 1129 1298 secuti
1168 1254 1295 1309 sunt,‘
1328 1254 1556 1297 indulsisse
1598 1254 1707 1296 mihi
1736 1253 1921 1298 videtur.
1981 1254 2235 1297 Rectissime
2266 1253 2379 1297 enim
2410 1254 2557 1297 Herm.

101 1323 315 1378 Sauppius
347 1323 392 1365 in
424 1322 550 1376 epist.
572 1322 668 1366 crit.
699 1323 754 1365 ad
776 1323 1196 1367 God.Hermannum
1226 1335 1266 1377 p.
1299 1324 1339 1374 5,
1371 1322 1500 1376 ,Haec
1525 1334 1607 1372 ars,
1639 1321 1793 1375 inquit,
1824 1322 2020 1365 codicum
2051 1322 2220 1366 ordines
2260 1323 2397 1365 certos
2428 1320 2557 1365 fami·

100 1393 267 1446 liasque
299 1391 568 1434 describendi
596 1404 694 1434 cum
726 1391 813 1434 fere
845 1405 955 1434 nova
985 1392 1055 1443 sit,
1087 1392 1153 1434 his
1184 1392 1343 1435 nostris
1374 1391 1544 1433 demum
1575 1390 1838 1445 temporibus
1873 1391 2049 1434 inventa
2068 1425 2078 1445 ‚
2110 1404 2194 1435 non
2224 1391 2397 1447 quidem
2427 1391 2557 1433 mira·

101 1475 213 1514 mur,
247 1462 360 1517 quod
392 1461 522 1504 multi
554 1461 622 1504 vel
652 1462 732 1504 1100
763 1462 952 1504 studium
985 1463 1265 1505 contemnunt
1295 1461 1364 1504 vel
1395 1461 1500 1504 satis
1520 1460 1709 1516 segniter
1738 1460 1816 1503 hoc
1838 1460 1978 1504 officio
2008 1460 2260 1518 funguntur,
2290 1460 2364 1504 sed
2393 1461 2557 1503 certum

104 1532 184 1583 est,
216 1531 415 1573 criticum
447 1531 530 1573 nisi
560 1531 640 1573 hoc
670 1531 951 1573 fundamento
984 1544 1135 1585 operae
1166 1543 1266 1573 suae
1297 1531 1410 1573 iacto
1441 1531 1602 1572 incerto
1632 1530 1770 1585 gradu
1803 1530 1992 1573 titubare
2023 1530 2068 1572 in
2098 1531 2235 1583 iisque
2265 1529 2556 1583 scriptoribus,

102 1599 149 1641 in
180 1599 335 1652 quibus
366 1599 445 1642 hoc
476 1599 569 1641 fieri
600 1601 795 1651 nequeat,
827 1612 993 1653 semper
1024 1598 1330 1642 vacillaturum
1361 1599 1475 1641 esse!

305 1668 407 1712 Jam
440 1681 539 1712 vero
570 1681 675 1723 opus
706 1667 830 1721 illud,
862 1668 975 1724 quod
1006 1669 1101 1721 Tu,
1134 1668 1228 1711 Vir
1269 1667 1637 1719 Doctissime,
1675 1667 1719 1710 in
1751 1666 1893 1711 auimo
1926 1666 2078 1720 volvis,
2109 1679 2184 1722 pro
2215 1679 2291 1710 sua
2321 1666 2363 1710 et
2393 1666 2559 1722 tempo-

100 1749 197 1779 rum
230 1735 441 1779 facultate
471 1736 681 1791 Cruquius
711 1737 927 1790 absolvit,
969 1737 1136 1792 plenius
1181 1738 1223 1780 et
1259 1737 1418 1780 rectius
1448 1749 1491 1780 se
1521 1736 1808 1791 perfecturum
1839 1748 1928 1779 esse
1958 1736 2221 1779 Hauthalius
2250 1735 2463 1790 professus
2492 1735 2558 1777 est

99 1803 237 1859 (Add.
269 1806 313 1847 et
346 1805 508 1860 Corrig.
541 1804 682 1848 Schol.
714 1805 865 1849 Horat.
896 1806 930 1857 Ι,
963 1818 1002 1860 p.
1034 1806 1120 1848 XII
1151 1806 1260 1849 not.:
1312 1805 1518 1859 ⁶Denique
1548 1804 1592 1857 5)
1624 1804 1706 1847 duo
1738 1804 1956 1847 volumina
1987 1804 2207 1847 offerentia
2246 1803 2557 1858 praestantiora

99 1872 262 1916 scholia
294 1885 343 1916 ex
374 1873 591 1916 codicibus
622 1886 646 1917 a
677 1886 745 1917 me
776 1874 1084 1929 transcripta').
1144 1875 1194 1917 In
1225 1874 1338 1917 hunc
1368 1873 1527 1917 librum
1558 1875 1599 1917 et
1631 1877 1671 1916 B
1693 1888 1724 1929 φ
1746 1873 1772 1917 b
1805 1875 1847 1917 et
1877 1873 1958 1917 Tui
1988 1872 2215 1916 Bernensis
2245 1872 2408 1916 scholia
2439 1872 2557 1916 able·

98 1943 243 1998 ganda
275 1943 489 1985 videntur.
550 1943 664 1985 Nam
695 1955 820 1994 cura,
852 1956 981 1998 quam
1010 1944 1100 1997 ipse
1131 1944 1178 1998 (1.
1209 1944 1238 1985 l.
1271 1956 1312 1998 p.
1342 1943 1415 1996 49)
1446 1944 1489 1985 in
1532 1943 1693 1986 scholia
1723 1944 1962 1986 Horatiana
2002 1943 2301 1985 conferendam
2344 1942 2556 1996 proposui,

99 2011 153 2054 ab
184 2011 265 2054 hoc
297 2011 474 2066 Cruquii
505 2011 737 2055 scholiasta
768 2025 940 2066 prorsus
972 2012 1112 2055 aliena
1143 2015 1221 2056 est.
1281 2011 1542 2055 Diiudicatis
1562 2012 1677 2055 enim
1706 2014 1749 2055 et
1779 2011 2102 2066 religiosissime
2123 2011 2330 2065 separatis
2360 2010 2557 2054 codicum

98 2080 290 2135 scholiis,
322 2091 431 2135 quae
452 2080 774 2137 Porphyrionis,
807 2093 914 2138 quae
944 2081 1129 2125 Acronis
1160 2082 1260 2135 sint,
1293 2094 1399 2138 quae
1420 2080 1594 2125 aliunde
1615 2080 1764 2125 addita
1785 2081 2027 2134 videantur,
2058 2079 2112 2124 ad
2132 2081 2300 2135 tempus
2321 2080 2363 2123 et
2385 2080 2555 2124 Acrone

98 2151 143 2192 et
173 2150 469 2206 Porphyrione
501 2151 734 2193 vestustius
765 2151 986 2205 pervenire
1016 2164 1091 2194 1103
1122 2164 1244 2206 posse
1274 2164 1435 2194 censeo.

302 2219 591 2273 Quamobrem
623 2220 942 2275 exoptatissime
972 2220 1080 2263 mihi
1110 2220 1281 2274 evenit,
1326 2220 1405 2263 Vir
1434 2220 1692 2264 Doctissime
1711 2254 1721 2273 ,
1771 2222 1819 2263 ut
1850 2220 1902 2263 ab
1935 2219 2032 2263 aliis
2063 2219 2108 2262 in
2154 2218 2393 2275 quaerendo
2439 2218 2557 2273 prin·

96 2288 221 2342 cipiis
267 2288 485 2343 profectus
532 2288 587 2331 ad
632 2289 813 2332 eundem
858 2289 985 2344 atque
1030 2302 1108 2344 ego
1153 2289 1282 2333 finem
1322 2289 1583 2344 perveneris,
1625 2289 1859 2333 laceratam
1905 2290 2034 2344 atque
2074 2288 2343 2344 inquinatam
2373 2287 2555 2331 Acronis

99 2358 268 2399 vestem
300 2358 389 2399 eius
421 2358 554 2411 ipsius
586 2358 771 2400 formam
800 2359 928 2410 atque
958 2359 1163 2402 honorem
1203 2372 1288 2401 non
1329 2359 1577 2410 detrahere,
1621 2359 1742 2401 1101113
1774 2358 2077 2401 auctoritatem
2106 2358 2405 2401 commentarii
2434 2357 2555 2400 illius

95 2425 390 2481 Porphyrione
419 2426 598 2469 minoris
628 2439 719 2469 esse
749 2426 1003 2471 habendam.
1051 2427 1200 2481 Atque
1229 2427 1338 2471 hanc
1368 2427 1520 2471 horum
1550 2427 1813 2471 scholiorum
1835 2439 1924 2470 esse
1946 2426 2239 2470 condicionem
2269 2440 2353 2470 non
2383 2427 2555 2483 ignoras

94 2496 211 2538 recte
242 2495 331 2537 iam
360 2494 449 2537 fere
481 2495 742 2549 perspexisse
771 2495 943 2539 Henric.
976 2495 1251 2549 Glareanum,
1283 2496 1422 2539 virum
1454 2496 1723 2547 acerrimum,
1756 2496 1829 2551 qui
1859 2496 1942 2538 sibi
1972 2508 2175 2551 magnam
2194 2509 2292 2538 cum
2312 2496 2556 2552 aequalium

95 2565 191 2608 tum
220 2565 510 2619 posterorum,
555 2564 652 2620 qui,
692 2566 741 2608 ut
770 2564 865 2608 fieri
894 2565 1028 2618 solet,
1071 2566 1115 2609 111
1146 2566 1322 2610 1110111111
1352 2566 1484 2610 verba
1514 2565 1710 2609 iurarunt
1740 2578 1784 2608 re
1814 2565 1908 2620 ipsa
1937 2566 2078 2609 minus
2108 2566 2356 2621 perspecta,
2400 2565 2557 2610 Horati

95 2633 388 2678 studiosorum
417 2633 631 2679 invidiam
661 2634 879 2680 conflavit.
940 2634 1075 2690 Quem
1106 2649 1203 2680 cum
1234 2635 1392 2680 Horati
1423 2635 1679 2691 interpretes
1710 2634 1882 2679 inimice
1912 2634 2114 2680 insectari
2144 2636 2272 2691 atque
2301 2635 2557 2680 calumniari

94 2704 363 2748 consuevisse
395 2704 587 2748 viderem
601 2704 657 2759 ²³¹),
688 2705 979 2758 memineram,
1010 2706 1254 2749 Hermanne
1286 2706 1487 2758 Usenere,
1518 2717 1587 2748 1110
1617 2706 1758 2762 legere
1788 2705 1902 2760 apud
1931 2706 1982 2750 B.
2013 2706 2065 2749 G.
2095 2706 2393 2759 Niebuhrium,
2423 2717 2557 2758 unum

96 2774 289 2817 omnium
318 2776 566 2818 nostrorum
596 2775 740 2818 virum
775 2775 1077 2830 gravissimum
1107 2777 1236 2831 atque
1283 2775 1688 2830 prudentissimum:
1739 2775 1827 2829 ‘hin
1871 2776 1958 2819 und
2002 2776 2159 2819 wieder
2199 2776 2398 2819 zerbrach
2444 2774 2557 2818 wohl

95 2843 192 2887 ein
222 2842 658 2900 freigeborener
697 2843 871 2901 geist,
912 2844 1007 2889 wie
1047 2844 1387 2898 Glareanus,
1425 2845 1539 2889 diese
1580 2844 1841 2897 schranken;
1878 2844 2106 2890 unfehlbar
2141 2845 2257 2890 ward
2297 2846 2398 2891 aber
2443 2844 2557 2890 daun

95 2913 409 2957 verdammnisz
440 2914 543 2956 uber
573 2914 648 2956 11111
677 2913 870 2968 gerufen'
901 2915 1082 2969 (Hister.
1113 2916 1294 2958 Roman.
1326 2915 1412 2957 edt.
1443 2916 1502 2966 II,
1533 2915 1713 2968 praefat.
1745 2928 1784 2969 p.
1808 2915 1925 2968 VII).
1985 2916 2050 2957 De
2081 2916 2341 2959 scholiorum
2372 2914 2560 2958 auctori-

284 3079 318 3127 *)
345 3079 386 3122 C.
410 3080 444 3116 K
454 3081 466 3117 i
475 3092 493 3117 r
503 3091 521 3117 c
531 3081 556 3117 h
566 3092 590 3117 n
600 3091 618 3118 e
627 3092 645 3117 r
654 3111 664 3128 ,
703 3080 832 3117 Horat.
858 3080 1019 3119 Sermon.
1043 3081 1129 3118 libri
1152 3080 1224 3118 duo
1248 3080 1278 3124 1,
1305 3093 1340 3128 p.
1366 3080 1429 3116 XL
1442 3093 1450 3117 :
1481 3079 1661 3127 ⁸Ceterum
1687 3080 1888 3120 Glareanus
1914 3093 1938 3118 11
1948 3092 1968 3119 ο
1978 3093 1994 3118 3
2004 3084 2022 3118 t
2031 3092 2050 3118 e
2060 3093 2078 3118 r
2104 3081 2153 3128 (ἲ)
2181 3081 2254 3127 (0111
2278 3091 2402 3117 verum
2426 3090 2558 3117 nomen

92 3138 165 3174 fuit
190 3139 226 3174 H
234 3150 254 3175 0
264 3151 287 3174 11
297 3151 315 3174 r
324 3141 337 3174 i
347 3151 364 3175 c
375 3151 397 3175 u
408 3152 424 3175 s
449 3141 478 3175 L
489 3152 510 3174 a
521 3151 545 3175 u
553 3152 572 3176 r
580 3141 593 3175 i
602 3143 619 3176 t
628 3151 651 3175 u
661 3141 693 3185 s)
719 3151 861 3176 summa
886 3141 1100 3185 arrogantia
1125 3144 1235 3186 atque
1260 3141 1456 3177 insolentia
1482 3141 1520 3175 in
1545 3141 1634 3176 alios
1662 3142 1892 3186 interpretes,
1926 3143 2118 3187 praecipue
2143 3143 2182 3176 in
2219 3141 2248 3175 L
2259 3152 2280 3176 a
2290 3151 2314 3175 n
2324 3141 2347 3175 d
2356 3141 2369 3174 i
2378 3151 2401 3174 11
2411 3151 2435 3174 11
2444 3151 2480 3175 111
2504 3143 2560 3179 et

92 3197 125 3236 A
135 3210 154 3236 c
162 3211 181 3236 1
190 3211 210 3236 0
220 3210 243 3235 11
253 3211 271 3236 0
280 3211 316 3236 111
328 3230 336 3243 ,
362 3199 454 3237 nihil
480 3211 700 3247 magnopere
726 3199 880 3247 dignum
905 3199 1118 3248 praestitit.'
