2714 3556
1190 199 1451 245 -6-

91 330 198 374 11000
228 328 444 374 Ηο11110110
473 330 627 373 00111110
657 328 839 373 Acronis
879 342 933 374 an
963 330 1270 387 Porphyrionis
1313 334 1390 377 aut
1426 331 1537 376 alius
1578 330 1851 385 grammatici
1892 330 2034 375 nescio
2078 332 2232 378 cuius?
2290 334 2554 380 Hauthalius

94 400 290 455 quidem,
323 399 397 455 qui
427 398 479 442 de
507 399 588 442 hoc
617 399 728 442 libro
758 413 971 444 manuscc.
1001 400 1165 455 primus
1194 403 1386 456 monuit,
1425 400 1641 456 specimen
1681 400 1958 457 evolgaturus
1985 400 2150 445 scholia
2180 416 2229 446 ex
2258 416 2307 447 eo
2338 404 2394 448 ad
2423 404 2554 448 finem

92 467 243 524 Epist..
260 468 320 522 II,
351 468 392 522 2,
417 468 644 512 105-182
675 467 916 523 descripsit,
947 482 1032 513 non
1054 469 1167 525 quod
1196 471 1363 526 partem
1383 470 1508 515 illam
1539 469 1838 514 commentarii
1857 468 2040 514 Acronis
2072 469 2234 515 diutius
2268 472 2572 518 desideratam·
2639 502 2643 506 Α
2693 512 2699 516 .

93 536 309 580 111νο111000
339 549 383 579 00
412 538 599 591 putaret,
630 537 704 580 sed
735 537 784 580 ut
812 537 894 581 hac
925 537 1147 581 deficiente
1178 539 1323 595 aliqua
1352 539 1516 583 scholia
1544 552 1629 582 non
1659 538 1787 593 plane
1806 538 2036 582 dissimilia
2067 540 2295 584 exstarent.
2312 540 2354 595 ¹⁸⁸)
2414 541 2554 597 Quare

95 605 363 649 Hauthalius
394 606 438 648 in
471 605 763 662 Corrigendis,
806 619 913 662 quae
958 607 1218 651 scholiorum
1260 608 1460 652 editionis
1490 607 1587 652 Vol.
1617 608 1652 651 I.
1685 608 1881 651 addenda
1910 607 2110 662 protulit,
2156 620 2198 663 p.
2226 609 2295 653 ΙΠ
2325 610 2553 667 corrigens,
2632 628 2635 631 ·

95 674 145 716 ut
175 674 360 727 videtur,
391 674 532 717 libelli
562 674 681 717 illius
712 674 1004 730 inscriptionis
1035 676 1256 720 fallaciam
1296 676 1541 720 cautissime
1571 676 1631 719 sic
1652 676 1823 719 scribit:
1855 676 2049 731 ,codex
2079 676 2553 722 Barcellonensis

94 742 330 787 Horatii
361 743 437 798 (et
467 743 777 798 Acronis).'
838 744 955 787 Haec
986 744 1079 799 ipsa
1108 744 1400 799 Epistolarum
1431 744 1595 788 scholia
1629 745 1678 788 ut
1719 745 1888 788 servata
1920 744 2020 798 sint,
2051 744 2260 801 singulari
2289 748 2419 801 atque
2448 747 2553 791 adeo

93 811 203 856 miro
234 825 335 856 casu
366 812 531 856 factum
561 826 652 857 esse
682 826 767 857 non
796 813 992 869 ignoras:
1023 828 1124 857 nam
1145 813 1434 865 Sermonibus,
1465 813 1537 869 qui
1567 815 1800 857 extremam
1829 813 1930 857 libri
1951 814 2120 868 partem
2141 813 2351 868 obtinent,
2383 815 2554 861 librarii

95 879 325 933 diligentia
344 894 430 924 non
451 883 749 936 perseverante
778 881 899 924 nulla
928 881 1016 924 fere
1045 882 1211 925 00110110
1240 882 1458 937 adscripta
1486 883 1587 925 sunt
1617 881 1689 936 (cf.
1720 878 1997 934 Hauthalius,
2034 881 2166 925 schol.
2197 882 2262 925 ed.
2293 883 2329 935 I,
2361 883 2477 928 0011.
2510 887 2554 928 01

94 947 211 991 Add.
243 949 272 991 l.
305 949 334 991 1.
367 950 411 992 01
439 949 498 1001 ΙΙ,
529 962 569 1004 p.
591 948 709 1003 351),
740 949 888 1004 Epist.
911 950 946 1001 I,
969 950 1110 992 8—13
1132 951 1174 992 et
1197 950 1251 992 16
1271 950 1332 993 010
1352 950 1478 1004 plane
1499 949 1733 993 destitutae
1755 948 1867 992 sunt'
1890 949 2170 1004 (Hauthalius
2191 949 2221 992 l.
2243 950 2273 994 l.
2294 951 2353 1002 II,
2373 964 2412 1006 p.
2434 952 2552 1006 351).

299 1019 355 1062 Et
385 1019 559 1062 scholiis
590 1019 709 1074 ipsis,
740 1031 847 1074 quae
878 1019 941 1061 Tu
972 1019 1207 1073 protulisti,
1237 1019 1510 1074 perlustratis
1540 1019 1708 1075 eisque,
1740 1031 1848 1074 quae
1877 1018 2140 1062 Hauthalius
2184 1031 2232 1062 ex
2262 1020 2410 1063 eodem
2440 1021 2551 1065 111110

97 1084 355 1141 descripsit,
396 1087 568 1131 collatis
613 1088 692 1131 hoc
736 1087 853 1131 luce..
875 1080 1037 1131 11101100
1066 1086 1321 1132 evincitur:-
1355 1082 1519 1131 sbholia
1549 1087 2011 1142 stmt‘1explanationes
2050 1086 2144 1130 ludi
2187 1087 2386 1143 magistri
2415 1089 2555 1133 cuius-

96 1153 196 1196 dam
240 1156 373 1199 medii
409 1156 505 1199 aevi
536 1156 589 1215 01)
619 1157 701 1200 hoc
730 1157 823 1211 ipso
854 1157 931 1199 aut
961 1169 986 1199 a
1016 1156 1225 1211 discipulo
1257 1156 1441 1212 quodam
1472 1156 1562 1199 eius
1592 1157 1803 1199 exaratae.
1865 1155 2001 1210 Quem
2032 1155 2313 1212 magistrum,
2363 1157 2408 1201 id
2439 1158 2553 1213 quod

95 1222 159 1265 Tu
190 1223 250 1267 Te
278 1224 421 1279 ipsum
452 1224 611 1269 vidisse
642 1239 681 1280 p.
713 1225 822 1268 VIII
854 1225 1012 1268 videris
1042 1225 1243 1278 indicare,
1273 1224 1635 1269 non-Acroniana
1665 1224 1823 1277 solum,
1856 1237 1963 1280 quae
1991 1224 2224 1277 habemuS,
2256 1224 2330 1268 sed
2359 1225 2555 1282 Porphy-

94 1291 229 1335 rionis
263 1305 430 1349 quoque
460 1293 816 1337 commentarium
846 1294 1097 1350 cognovisse
1137 1294 1242 1337 haec
1287 1293 1342 1336 ad
1372 1292 1511 1337 Carm.
1542 1293 1578 1346 I,
1612 1294 1650 1346 1,
1680 1293 1736 1335 35
1767 1292 1986 1348 adscripta
2034 1292 2281 1346 adnotatio,
2323 1293 2368 1336 ni
2409 1294 2552 1348 fallor,

94 1361 272 1414 probat:
334 1362 503 1416 ⁴Tunc
544 1364 765 1405 tantum
811 1362 1010 1423 Graeci
1055 1364 1186 1405 sunt
1228 1363 1488 1420 (sc.'poetae
1515 1361 1678 1417 lyrici),
1707 1361 1828 1416 quia
1870 1362 2104 1404 nondum
2148 1362 2266 1404 erat
2294 1362 2551 1407 Latinus.'

99 1429 217 1484 Quae
265 1443 362 1474 cum
394 1444 420 1474 a
449 1431 743 1487 Porphyrione
786 1431 1006 1487 eleganter
1036 1431 1270 1475 disserente
1303 1419 1440 1486 petita
1470 1430 1698 1474 videantur
1715 1464 1725 1483 ,
1770 1430 1973 1486 pleraque
2014 1430 2221 1485 magister
2250 1430 2342 1485 ipse
2372 1431 2552 1485 addidit,

97 1513 205 1554 quae
236 1513 373 1556 neque
402 1500 589 1545 Acronis
620 1502 718 1544 sunt
748 1513 884 1556 neque
914 1500 1235 1556 Porphyrionis.

303 1569 448 1624 Atque
479 1568 610 1612 etiam
642 1580 690 1611 ex
722 1568 782 1612 eis
812 1567 967 1623 glossis
985 1602 995 1622 ‚
1042 1581 1145 1624 quas
1176 1569 1368 1613 versibus
1399 1581 1489 1612 esse
1519 1568 1829 1623 superscriptas
1859 1580 1899 1622 p.
1931 1567 1994 1610 XI
2024 1567 2157 1611 refers
2175 1602 2186 1621 ,
2229 1569 2424 1617 accurate
2459 1581 2554 1623 per-

96 1638 319 1693 spicimus,
359 1637 471 1680 unde
501 1636 768 1679 miserrimae
808 1636 911 1679 illae
941 1636 1279 1680 Acronianorum
1309 1637 1621 1689 adnotationes,
1661 1636 1712 1679 de
1744 1636 1896 1691 quibus
1927 1636 2053 1679 modo
2084 1636 2155 1690 (de
2185 1636 2346 1691 Porph.
2375 1636 2419 1679 et
2448 1637 2552 1682 Aer.

95 1707 229 1751 schol.
259 1707 365 1750 Hor.
396 1720 436 1760 p.
470 1707 522 1748 17
554 1707 597 1748 01
629 1705 702 1758 19)
732 1705 857 1760 plura
888 1705 988 1758 dixi,
1020 1705 1237 1760 profectae
1267 1705 1367 1749 sint.
1426 1706 1576 1761 Neque
1605 1705 1719 1748 enim
1741 1704 1905 1756 dubito,
1937 1704 2040 1759 quin
2067 1704 2148 1747 has
2167 1718 2303 1760 nugas
2322 1704 2553 1749 maximam

94 1777 262 1829 partem
293 1775 426 1818 medii
455 1774 550 1817 aevi
581 1774 825 1817 scholarum
853 1774 950 1816 usui
980 1774 1222 1827 debeamus,
1253 1773 1298 1817 in
1320 1774 1472 1828 quibus
1503 1786 1599 1816 cum
1630 1773 1672 1815 in
1696 1772 1854 1816 Horati
1882 1772 2209 1826 exemplaribus,
2240 1785 2348 1827 quae
2378 1772 2552 1817 scholiis

92 1842 369 1896 Acronianis,
401 1854 508 1898 quae
538 1843 746 1886 vocantur
761 1875 773 1895 ,
816 1843 967 1886 ornata
997 1843 1142 1895 erant,
1172 1841 1364 1886 versibus
1394 1840 1707 1897 superscriptae
1737 1840 1892 1893 essent,
1921 1839 2085 1884 incauti
2114 1840 2363 1884 recentioris
2394 1840 2550 1885 aetatis

92 1914 259 1958 librarii
280 1926 379 1957 cum
394 1913 561 1956 Acrone
576 1912 668 1967 ipso
685 1925 755 1957 eas
776 1911 1071 1956 confuderunt.
1102 1912 1163 1955 Ex
1177 1924 1259 1967 quo
1275 1911 1440 1956 factum
1455 1913 1535 1965 est,
1555 1912 1605 1955 ut
1629 1911 1710 1955 hae
1728 1909 2106 1955 adnotatiunculae
2124 1909 2168 1953 in
2188 1909 2406 1954 codicibus
2439 1909 2553 1955 auti·

96 1983 316 2039 quissimis
346 1982 593 2026 rarissimae
614 1981 714 2034 sint,
744 1980 1054 2036 frequentiores
1084 1981 1128 2023 111
1149 1980 1469 2024 recentioribus.
1528 1980 1678 2035 Atque
1697 1991 1750 2023 ne
1779 1978 1890 2022 illud
1911 1978 2084 2034 quidem
2113 1978 2302 2022 alienum
2331 1980 2409 2032 est,
2440 1978 2553 2035 quod

91 2053 133 2097 J.
186 2052 420 2108 Schlenger
470 2051 523 2094 de
572 2050 717 2093 codice
766 2050 951 2105 quodam
1000 2049 1183 2093 Acronis
1232 2049 1494 2102 Veronensi,
1535 2049 1587 2091 de
1627 2048 1746 2092 cuius
1796 2048 1937 2091 aetate
1973 2048 2103 2103 atque
2133 2049 2301 2101 natura,
2348 2047 2394 2091 id
2439 2048 2553 2105 quod

92 2121 308 2179 lugebam,
338 2120 449 2165 nihil
479 2119 599 2173 dicit,
630 2119 675 2163 in
704 2119 972 2175 Programm.
1004 2118 1206 2175 Gymnas.
1239 2117 1603 2174 Magontiacensis
1632 2130 1670 2161 a.
1701 2115 2080 2162 MDCCCLXVIII
2119 2129 2160 2172 p.
2193 2117 2216 2160 1
2262 2117 2351 2162 not.
2396 2116 2551 2161 refert:

95 2192 218 2247 ι011111
260 2191 387 2235 unius
416 2189 605 2235 Acronis
635 2188 806 2232 nomine
835 2188 1067 2243 inscriptus
1097 2188 1155 2231 sit
1185 2187 1315 2231 codex
1345 2200 1371 2231 a
1400 2187 1522 2231 nobis
1551 2187 1785 2241 inspectus,
1813 2186 1858 2228 in
1887 2186 2088 2229 contextu
2117 2187 2263 2229 tamen
2293 2185 2553 2230 scholiorum

93 2262 254 2303 iterum
283 2261 468 2303 Acronis
497 2270 651 2302 nomen
682 2270 884 2311 persaepe
912 2257 1096 2311 legitur,
1127 2257 1179 2298 ab
1211 2256 1360 2298 eadem
1390 2269 1518 2298 manu
1536 2288 1547 2307 ,
1578 2267 1686 2309 quae
1725 2256 1868 2297 totum
1897 2254 1990 2297 cod.
2021 2254 2232 2306 exaravit,
2277 2254 2332 2297 ad
2361 2253 2553 2309 singulas

92 2329 392 2374 adnotationes
429 2327 672 2383 adscriptus
704 2326 748 2381 (Ρ
765 2325 819 2379 l),
849 2325 1100 2381 plerumque
1132 2324 1186 2369 ad
1216 2336 1310 2377 000,
1356 2336 1463 2380 quae
1492 2322 1689 2368 lemmati
1717 2321 1868 2367 statim
1897 2321 2220 2378 supponuntur.'
2282 2321 2552 2378 Quamquam

94 2412 197 2442 usus
228 2398 474 2442 scholarum
503 2396 643 2452 qualis
683 2394 916 2438 novissima
960 2393 1093 2436 fuerit
1121 2393 1256 2448 ipsius
1295 2392 1571 2448 antiquitatis
1600 2392 1817 2435 Romanae
1847 2391 2012 2443 aetate,
2057 2390 2171 2433 inter
2198 2390 2293 2435 VV.
2322 2390 2417 2435 DD.
2445 2388 2552 2432 satis

92 2469 280 2521 constat,
324 2479 408 2523 qua
439 2466 490 2509 de
520 2477 566 2507 re
595 2464 651 2508 H.
681 2463 851 2507 Keilius
882 2462 976 2519 (Gr.
1006 2462 1101 2505 Lat.
1132 2462 1183 2515 V,
1214 2474 1254 2517 p.
1286 2461 1360 2516 90)
1392 2460 1444 2504 (10
1473 2460 1670 2517 Pompeii
1700 2459 1951 2504 Commento
1980 2458 2088 2502 artis
2116 2458 2279 2502 Donati
2318 2458 2551 2503 disserens:

91 2538 300 2594 ⁴Denique
330 2549 384 2580 ne
414 2535 555 2579 dicam
585 2535 727 2578 totum
756 2533 837 2577 hoc
868 2546 1002 2589 genus
1033 2531 1140 2576 artis
1170 2531 1331 2575 Donati
1360 2529 1661 2586 explicandae,'
1711 2529 1854 2585 inquit
1868 2562 1879 2582 ,
1926 2540 1988 2584 ,ex
2031 2541 2112 2572 usu
2162 2528 2405 2573 scholarum
2433 2538 2554 2581 repe-

90 2608 272 2651 tendum
300 2619 407 2659 esse,
458 2605 637 2648 verbosa
667 2606 712 2647 et
741 2603 919 2657 puerilis
949 2601 1169 2646 tractandi
1196 2600 1309 2645 ratio
1338 2600 1645 2646 molestissima
1673 2611 1814 2647 rerum
1844 2597 2172 2642 tritissimarnm
2201 2596 2458 2652 repetitione
2486 2594 2554 2639 fa·

87 2676 269 2721 stidium
297 2687 447 2720 creans
476 2675 557 2719 hac
601 2673 694 2718 sola
722 2685 768 2717 re
797 2670 1110 2728 quodammodo
1141 2670 1210 2715 vel
1240 2670 1465 2714 excusatur
1493 2668 1564 2713 vel
1593 2666 1876 2724 intellegitur,
1907 2666 2022 2721 quod
2051 2666 2296 2711 scholarum
2326 2663 2553 2711 consuetu·-

92 2747 238 2790 dinem
267 2744 579 2802 grammaticus
610 2741 834 2786 scribendo
863 2741 1062 2784 imitatus
1093 2739 1185 2783 est.'

298 2814 440 2868 Quare
468 2827 566 2858 cum
596 2813 641 2856 in
662 2810 860 2855 Parisino
881 2810 922 2854 A
941 2809 1124 2865 aliisque
1152 2809 1289 2862 libris,
1320 2808 1393 2864 qni
1424 2808 1526 2851 sunt
1554 2806 1723 2851 aetatis*
1740 2805 1881 2851 Bedae
1911 2806 1956 2849 et
1969 2804 2151 2850 Alcuini
2181 2802 2256 2860 (cf.
2276 2800 2552 2855 Hauthalius,

91 2887 114 2931 Ι
136 2885 251 2930 Add.
273 2885 317 2928 et
338 2882 501 2940 Corrig.
532 2896 574 2939 p.
596 2880 694 2938 IX),
724 2880 805 2925 hae
834 2878 1022 2935 ineptiae
1051 2877 1138 2923 iam
1168 2877 1416 2934 appareant,
1436 2875 1624 2922 Acronis
1654 2873 1952 2920 commentarii
1981 2873 2209 2931 integritas
2240 2872 2316 2917 aut
2344 2870 2439 2926 ipsa
2467 2868 2553 2914 fuit

299 3098 333 3143 *)
361 3097 480 3134 Ueher
504 3096 575 3133 den
599 3094 719 3133 Codex
744 3094 946 3131 Heini‘anus
970 3096 1040 3134 etc.
1064 3104 1098 3138 p.
1123 3094 1185 3133 43:
1217 3091 1295 3134 ..Da
1318 3090 1376 3127 ich
1400 3101 1477 3127 111111
1500 3101 1544 3126 zu
1568 3089 1744 3136 besorgen
1760 3088 1881 3135 grnnd
1903 3087 2009 3131 habe,
2033 3086 2119 3123 aasz
2147 3083 2277 3132 irgend
2300 3082 2554 3130 abjungeret

89 3159 220 3196 freund
257 3158 320 3194 der
353 3154 604 3193 wissenschaft
618 3183 627 3198 ,
662 3154 726 3190 der
764 3154 899 3190 diesem
924 3152 1104 3188 schweren
1141 3150 1252 3187 theile
1276 3150 1340 3186 der
1362 3150 1551 3186 litteratur
1574 3149 1673 3185 seine
1696 3147 2020 3184 aufinerksamkeit
2048 3145 2124 3182 und
2159 3145 2258 3181 seine
2281 3141 2426 3179 studien
2447 3152 2554 3178 zum·

88 3218 241 3257 wenden
265 3217 452 3263 anfangen
476 3215 642 3257 rnechte,
667 3214 724 3251 die
747 3213 907 3250 scholien
931 3211 1008 3249 und
1031 3209 1176 3258 glossen
1201 3210 1316 3247 dieses
1341 3210 1449 3247 codex
1473 3209 1638 3246 bekannt
1660 3208 1787 3245 mache
1801 3236 1810 3252 ,
1850 3207 1889 3243 in
1913 3206 1976 3243 der
1999 3205 2174 3265 meinung
2188 3233 2197 3249 ,
2233 3203 2305 3241 den
2327 3200 2466 3239 schlusz
2487 3190 2552 3238 aas

88 3267 452 3316 'Acroncomm'entars
477 3267 650 3312 entdeckt
673 3284 716 3310 zu
739 3271 871 3317 haben,
896 3283 936 3308 so
958 3270 1074 3309 beeile
1097 3268 1156 3306 ich
1180 3268 1288 3315 mich,
1313 3269 1430 3306 01110111
1454 3268 1600 3306 solchen
1622 3267 1808 3314 beginnen
1831 3265 2183 3305 zuvonukommen.·
