2714 3556
1188 69 1445 141 ...²7-

86 201 205 270 Hisce
232 221 448 281 interdum
477 223 620 267 naevis
649 195 864 267 maculata
895 194 970 267 aut
999 191 1243 285 incorrupta
1272 190 1438 267 netum
1469 188 1640 279 quidem
1671 222 1827 279 ub'ique
1856 224 1949 267 erat
1968 225 2152 268 servata
2211 182 2266 266 Et
2288 224 2534 282 corruptam

87 283 184 342 earn
212 287 499 337 multifariam
526 289 609 336 hac
638 291 726 336 iam
755 287 887 336 fuisse
908 290 1057 336 aetate
1086 277 1306 351 probabile
1320 281 1413 337 est.
1471 291 1613 349 Atqui
1659 291 1779 337 librr.
1819 304 2031 341 manusco.
2081 286 2207 350 opera
2238 291 2293 337 ad
2330 290 2535 338 remotio.-

27 382 31 386 -
88 373 179 425 rem
206 353 445 407 memoriae
473 361 657 405 Aci-onis
687 344 988 419 commentarii
1012 362 1198 417 aetatem
1226 363 1445 423 pervenire
1484 362 1721 418 nequimus
1771 362 1919 417 Quare
1947 362 2027 408 hoc
2048 362 2248 418 quidem,
2298 362 2412 426 quod
2439 361 2470 404 1.
2501 348 2531 404 l.

88 443 131 495 Ρ.
158 429 269 475 vm
293 431 570 486 proposuisti,
600 428 734 485 patet,
764 417 1123 495 antiquissimam,
1153 443 1282 487 quam
1311 444 1387 475 nos
1416 431 1497 475 hoc
1527 425 1716 485 tempore
1745 444 1806 474 ex
1822 431 1939 475 librr.
1970 444 2183 475 manuscc.
2214 422 2407 475 excutere
2436 443 2536 488 pos-

88 499 236 553 simus,
251 498 608 543 Acronianarum
636 488 982 542 lucubrationum
1009 498 1194 554 speciem
1222 498 1363 543 Bedae
1392 500 1435 543 et
1464 498 1646 543 Alcuini
1674 500 1814 544 aetate
1843 512 1932 544 esse
1961 495 2223 544 confectam:
2253 511 2389 555 neque
2416 498 2533 542 enim

87 567 227 613 ullum
256 567 326 622 vel
354 567 510 611 Horati
540 566 674 622 ipsius
704 566 774 610 vel
802 566 1062 611 scholiorum
1089 566 1187 611 libr
1216 580 1404 614 manusc.
1432 568 1513 612 hac
1543 568 1685 612 aetate
1714 559 1997 624 antiquiorem
2026 568 2316 627 cognovimus.

290 635 374 681 Sed
403 647 694 691 praepropere,
742 636 792 678 ut
822 634 1004 688 videtur,
1034 648 1075 691 Ρ.
1104 634 1191 679 VII
1221 636 1319 684 inde
1347 637 1426 681 hoc
1456 636 1738 689 concluseras,
1768 636 2030 694 Acronis
2071 650 2263 682 nomen
2301 650 2327 681 a
2367 637 2531 680 docto

89 705 323 764 quodam
358 704 513 749 Italo
555 705 645 748 his
686 703 925 748 scholiis
966 704 1301 761 inscriptum
1345 718 1459 751 esse
1502 718 1561 750 ex
1602 706 1962 751 auctoritate
1997 707 2308 751 notissimi
2351 706 2531 751 illius

87 776 229 828 loci,
277 776 376 831 qui
420 776 471 818 in
515 775 712 818 Horati
749 775 868 817 vita
909 775 1254 819 breviss1ma
1284 776 1645 819 novissimus
1677 775 1792 820 est.'
1852 776 1944 819 Hoc
1974 776 2087 820 idem
2117 779 2160 820 et
2192 776 2237 821 C.
2267 778 2315 821 L.
2345 777 2529 820 Rothius

90 844 166 900 (cf.
195 845 421 887 comment.
453 856 509 887 m.
539 856 572 886 S.
604 842 633 886 1.
664 856 704 897 p.
736 842 809 896 47)
853 855 891 886 a.
921 841 1259 887 MDCCCLVIII
1303 844 1441 887 verbis
1491 844 1578 887 iam
1622 843 1910 887 affirmaverat
1949 857 2083 900 neque
2123 857 2221 888 vero
2265 845 2530 901 argumentis

92 912 348 970 probaverat
378 913 421 955 et
448 912 530 955 hac
558 911 704 955 nostra
734 912 875 955 aetate
904 910 996 956 VV.
1017 910 1111 954 DD.
1172 911 1230 955 Te
1265 913 1398 956 secuti
1427 913 1644 957 auctorem
1673 910 1761 955 fere
1791 923 1866 967 pro
1895 913 2011 956 certo
2031 912 2191 956 habent
2220 912 2294 967 (cf.
2310 912 2355 957 C.
2372 912 2534 970 Zange-

88 982 326 1034 meisterus,
357 981 401 1024 iii
432 981 491 1026 M.
512 980 645 1024 Rhen.
667 994 705 1024 a.
727 981 796 1032 64,
817 994 857 1035 Ρ.
878 981 964 1023 334
984 983 1072 1025 not.
1095 982 1172 1036 163
1201 982 1251 1025 O.
1271 982 1543 1034 Ribbeckius,
1565 981 1734 1037 Proleg.
1764 981 1818 1024 ad
1832 981 1961 1040 Verg.
1994 994 2033 1036 Ρ.
2055 982 2161 1034 216;
2183 982 2265 1027 Gu.
2286 982 2530 1034 Teuffelius,

88 1051 189 1095 hist.
219 1051 353 1095 litter.
383 1050 506 1094 Rom.
536 1063 577 1104 p.
606 1051 689 1093 429
720 1051 816 1105 sq.).
880 1049 985 1093 Vide
1015 1051 1151 1103 enim,
1182 1063 1234 1093 ne
1263 1051 1341 1094 hoc
1372 1051 1643 1106 potissimum
1673 1051 1717 1093 in
1749 1050 1987 1106 quaerendo
2017 1051 2356 1107 persequendum
2385 1051 2530 1105 fuerit,

89 1117 286 1177 quisnam
314 1118 393 1163 hoc
423 1119 606 1163 Acronis
636 1131 790 1162 nomen
821 1120 886 1162 vir
917 1119 1080 1171 doctus,
1122 1118 1216 1174 quis
1245 1119 1342 1163 libr.
1373 1132 1577 1180 manusc„
1609 1119 1702 1174 quis
1742 1132 1876 1162 annus
1920 1119 2041 1162 nobis
2072 1118 2292 1163 intrusisse
2321 1120 2531 1165 videatur.

87 1189 463 1234 Verumenimvero
494 1189 566 1231 Tu
596 1188 681 1243 ips
697 1201 743 1240 e,
773 1188 825 1231 V.
857 1189 925 1239 D„
958 1186 1031 1242 qui
1062 1201 1227 1231 summa
1258 1188 1483 1243 diligentia
1515 1189 1643 1243 atque
1672 1188 1884 1232 industria
1913 1188 1957 1231 iu
1988 1189 2066 1232 hoc
2098 1189 2382 1235 abiectissimo
2411 1189 2534 1233 litte-

88 1271 234 1303 rarum
262 1269 415 1313 genere
435 1256 630 1309 versaris,
661 1256 706 1300 in
735 1256 846 1302 Mus,
875 1256 1010 1301 Rhen.
1042 1269 1080 1302 a.
1111 1256 1179 1309 68,
1210 1269 1250 1311 Ρ.
1280 1257 1364 1301 490
1394 1270 1458 1313 sq.
1488 1269 1537 1301 ex
1566 1256 1891 1301 Bonaventurae
1911 1256 2111 1302 Vulcanii
2140 1257 2377 1312 glossarum
2408 1258 2531 1311 libro,

88 1327 207 1371 cuius
234 1326 337 1370 libri
365 1325 473 1369 mihi
503 1325 635 1381 ipsius
665 1324 921 1381 inspiciendi
950 1325 1117 1381 copiam
1146 1325 1266 1369 nulla
1286 1338 1411 1382 opera
1441 1338 1689 1381 comparare
1710 1326 1842 1381 potui,
1874 1326 2191 1370 accuratissime
2212 1325 2531 1381 demonstrasti,

87 1391 177 1441 iam
205 1407 314 1440 saec.
343 1394 407 1438 IX
436 1394 505 1438 vel
539 1394 592 1447 X,
624 1394 679 1437 ad
708 1406 836 1450 quam
866 1394 1052 1438 aetatem
1091 1395 1214 1448 hanc,
1245 1407 1371 1451 quam
1400 1408 1476 1439 nos
1505 1395 1587 1439 hoc
1616 1396 1805 1450 tempore
1835 1395 2179 1451 antiquissimam
2208 1396 2426 1449 habemus,
2456 1397 2533 1440 ho·

89 1478 185 1509 rum
214 1465 472 1508 scholiorum
501 1464 799 1515 recensionem,
829 1465 878 1506 ut
907 1464 956 1507 F.
986 1464 1102 1520 Aug.
1131 1464 1280 1508 Wolfii
1326 1465 1453 1508 verbo
1484 1466 1582 1507 utar
1604 1498 1614 1517 ,
1663 1465 1944 1508 revocandam
1974 1478 2063 1508 esse
2093 1478 2221 1520 supra
2251 1466 2531 1519 exposuimus,

88 1534 193 1578 haec
222 1533 370 1577 eadem
399 1531 560 1575 scholia
580 1531 744 1575 Acroni
773 1531 905 1575 fuisse
934 1532 1164 1587 adscripta.
1221 1533 1368 1589 Atque
1396 1546 1449 1577 ne
1478 1533 1558 1577 hoc
1580 1533 1750 1588 quidem
1780 1533 1872 1576 loco
1893 1532 2056 1577 codicisv
2071 1533 2326 1578 Veronensis
2357 1534 2534 1578 Schlen-

88 1602 195 1659 geri,
226 1602 278 1645 de
307 1613 389 1658 quo
419 1613 547 1656 supra
577 1600 636 1656 (p.
667 1598 710 1655 6)
742 1599 842 1653 dixi,
871 1600 1166 1645 testimonium
1195 1601 1506 1659 neglegendum
1537 1603 1614 1646 est.

245 1715 247 1717 ,
291 1670 419 1714 Cuius
448 1669 550 1713 libri
581 1669 888 1713 accuratiorem
917 1669 1243 1724 descriptionem
1273 1683 1370 1713 cum
1400 1671 1772 1714 vehementissime
1813 1671 2109 1723 desiderarem,
2142 1671 2448 1727 Schlengerum
2479 1673 2531 1716 de

89 1753 138 1784 eo
167 1740 308 1795 ipsum
337 1751 413 1793 per
441 1738 611 1781 litteras
642 1737 744 1780 adii.
806 1737 889 1791 Qui
920 1738 1032 1793 quod
1064 1740 1270 1793 quantum
1290 1738 1474 1781 sedecim
1493 1749 1702 1781 annorum
1732 1739 1870 1794 spatio
1900 1739 2151 1794 interposito
2181 1740 2384 1782 memoria
2413 1753 2533 1796 repe·

89 1810 179 1854 tere
209 1807 365 1865 potuit,
395 1806 447 1851 de
476 1806 587 1860 libro
618 1805 702 1850 isto
734 1805 786 1850 ab
816 1805 908 1862 ipso
938 1806 1107 1851 conlato
1136 1819 1300 1851 mecum
1319 1797 1527 1851 facillime
1547 1805 1890 1861 communicavit,
1920 1820 1999 1864 ego
2030 1807 2069 1850 ei
2097 1807 2327 1851 maximam
2345 1809 2531 1865 gratiam

89 1879 240 1924 habeo.
297 1878 359 1922 Ex
403 1876 585 1933 epistola
615 1875 865 1933 Schlengeri
903 1876 1008 1920 haec
1045 1876 1125 1920 hoc
1163 1876 1256 1920 loco
1298 1876 1534 1921 describere
1576 1878 1704 1933 atque
1747 1877 1908 1933 publici
1950 1876 2053 1920 iuris
2083 1876 2219 1920 facere
2249 1879 2313 1921 est
2363 1879 2529 1922 visum:

94 1948 208 2002 ‚Vor
237 1947 353 1992 allen
382 1946 541 2002 dingen
570 1946 708 1989 haben
739 1946 815 1988 wir
845 1958 888 1989 es
918 1945 1011 1989 hier
1048 1946 1131 1989 mit
1160 1946 1275 1989 einer
1290 1945 1555 1990 wirklichen
1583 1945 2001 1991 Acronhandschrift
2030 1959 2079 1989 zu
2109 1945 2243 1999 thun,
2287 1947 2407 1990 nicht
2450 1948 2532 1991 mit

92 2016 520 2072 randbemerkungen
546 2015 659 2059 eines
690 2014 976 2059 Horazcodex.
1034 2014 1140 2072 Eine
1183 2015 1337 2059 nabere
1380 2015 1761 2059 kenntnissnahme
1804 2015 2068 2059 meinerseits
2109 2015 2250 2058 wurde
2294 2015 2533 2060 veranlasst

92 2086 227 2131 durch
259 2086 427 2129 meinen
458 2085 534 2129 sel.
554 2084 707 2137 lehrer,
723 2084 804 2128 den
823 2063 879 2129 1ιῖι
886 2098 949 2140 pr.
963 2084 1135 2129 Osann
1123 2098 1166 2127 ιιι
1182 2084 1371 2137 Giessen,
1391 2084 1456 2128 als
1472 2085 1543 2128 ich
1563 2085 1637 2128 ihn
1657 2084 1890 2141 beilaufig
1878 2099 1922 2128 ιιι
1943 2085 2079 2128 einem
2098 2084 2231 2128 briefe
2249 2084 2327 2128 auf
2342 2086 2534 2130 mehrere

91 2156 176 2201 mir
205 2155 285 2224 auf
310 2155 384 2199 der
414 2153 837 2210 capitelsbibliothek
867 2154 912 2198 ιιι
926 2153 1092 2198 Verona
1122 2166 1172 2196 zu
1201 2153 1370 2197 handen
1398 2153 1678 2210 gekommene
1709 2152 1830 2198 codd.
1851 2152 2137 2198 aufmerksam
2158 2153 2339 2197 machte.
2370 2177 2426 2183 -—
2455 2154 2534 2198 Ich

90 2225 201 2268 habe
230 2235 311 2266 ιιιιι·
341 2223 410 2266 die
438 2224 579 2266 ersten
609 2223 721 2265 2—3
743 2219 888 2265 seiten
917 2222 1004 2264 und
1034 2221 1115 2264 den
1145 2219 1312 2264 schlu‘sz
1341 2221 1536 2277 copieren
1566 2222 1746 2276 konnen.
1775 2244 1830 2250 —
1860 2222 1936 2264 Ich
1964 2223 2124 2263 musste
2154 2221 2268 2263 mich
2298 2221 2434 2264 durch
2464 2222 2534 2264 die

90 2294 219 2338 sehr
249 2306 350 2349 eng
393 2292 500 2335 und
545 2291 909 2335 unleserlich
950 2282 1356 2347 geschriebene
1396 2290 1695 2334 minusk'el
1736 2290 2073 2334 durcharbeiten.
2131 2289 2224 2332 Den
2254 2289 2536 2334 vollstan·

91 2361 255 2418 dige'n
301 2361 642 2404 commentar
669 2358 838 2403 enthalt
887 2359 955 2403 die
984 2358 1253 2403 handschriit
1283 2358 1468 2411 nicht,
1514 2358 1622 2402 doch
1663 2359 1778 2402 kann
1821 2358 1891 2402 ich
1919 2354 2038 2401 nicht
2066 2369 2204 2413 genau
2234 2357 2440 2412 angeben,
2470 2370 2534 2401 wo

91 2431 155 2475 sie
185 2430 379 2487 beginnt.
437 2429 600 2473 Meiner
630 2429 866 2486 schatzung
895 2427 1005 2472 nach
1034 2428 1093 2486 ist
1123 2427 1190 2471 die
1218 2426 1489 2471 handschrift
1518 2440 1594 2471 aus
1625 2427 1722 2471 dem
1754 2428 1819 2471 14.
1844 2425 2145 2483 jahrhundert,
2176 2420 2396 2484 vielleicht
2423 2427 2536 2470 auch

91 2496 171 2545 aus
199 2500 297 2544 dem
326 2498 487 2556 anfang
517 2499 590 2542 des
613 2500 680 2543 15.
709 2499 797 2542 und
827 2511 937 2542 zwar
965 2497 1044 2542 auf
1067 2499 1333 2575 pergament.
1381 2495 1463 2541 Die
1482 2497 1731 2541 beischrift:
1761 2495 2000 2540 Acronis
2029 2493 2162 2538 findet
2191 2495 2283 2539 sich
2312 2495 2391 2538 auf
2416 2508 2538 2539 man—

92 2567 195 2613 cher
236 2568 342 2612 seite
378 2571 460 2610 6-
465 2569 519 2611 10
547 2568 650 2611 mal.
708 2564 809 2611 Nun
854 2568 912 2611 ist
952 2567 1053 2610 aber
1096 2561 1207 2610 noch
1251 2566 1320 2609 ein
1348 2566 1578 2619 umstand,
1626 2566 1706 2609 den
1751 2565 1820 2608 ich
1848 2565 1893 2607 in
1921 2564 2081 2607 meiner
2110 2563 2388 2620 abhandlung
2415 2563 2538 2607 nicht

95 2638 286 2682 erwahnt
308 2636 431 2689 habe,
448 2636 537 2679 und
559 2636 633 2680 der
653 2636 874 2680 vielleicht
888 2636 1041 2680 ebenso
1061 2635 1261 2692 geeignet
1276 2636 1347 2688 ist,
1377 2635 1455 2679 wie
1471 2635 1571 2691 jene
1590 2633 1825 2687 beischrift,
1855 2634 1928 2677 der
1955 2631 2224 2676 handschrift
2253 2633 2458 2677 interesse
2488 2647 2539 2676 zu

92 2706 334 2753 verleihen.
324 2721 335 2732 ·
366 2706 428 2749 sie
457 2705 534 2750 hat
563 2700 753 2766 namlich
783 2705 875 2749 eine
904 2700 1210 2758 unterschrift,
1199 2721 1210 2732 ·
1241 2704 1342 2748 aber
1370 2704 1463 2748 hier
1491 2704 1640 2761 bringt
1668 2703 1782 2746 mich
1810 2702 1924 2745 mein
1949 2692 2229 2758 gedachtnisz
2258 2701 2303 2744 ιιι
2318 2701 2541 2759 verlegen-

93 2776 202 2829 heit,
230 2799 286 2807 —-
314 2776 449 2818 heisst
471 2775 544 2818 der
573 2787 697 2818 name
717 2774 968 2828 Bandinius‚
999 2772 1252 2827 Blandinus,
1283 2774 1551 2832 Blandinius‚
1580 2773 1823 2823 Blancinus,
1843 2770 2124 2814 Blancinius?
2173 2770 2301 2822 Kurz
2330 2770 2420 2813 und
2447 2772 2541 2827 gut,

95 2858 141 2890 es
169 2846 241 2903 is}
259 2848 389 2889 etwas
420 2844 654 2897 ahnlicheS,
699 2843 787 2888 und
817 2843 887 2887 ich
915 2857 1034 2888 musz
1063 2843 1228 2888 ehrlich'
1256 2829 1486 2900 gestehen,
1517 2843 1628 2894 dasz,
1658 2840 1856 2885 wahrend
1885 2839 1955 2883 ich
1983 2826 2053 2883 bei
2083 2838 2158 2884 der
2186 2839 2330 2883 ersten
2359 2838 2544 2896 verglei·

93 2903 238 2976 chung
274 2913 343 2959 die
372 2913 500 2959 sache
528 2913 752 2970 fiberging‚
781 2909 866 2957 mir
895 2912 978 2958 seit
1019 2912 1093 2958 der
1122 2912 1206 2957 zeit
1235 2911 1300 2958 oft
1329 2911 1405 2957 der
1434 2911 1626 2969 gedanke
1655 2902 1780 2963 kam,
1817 2908 1870 2954 ob
1912 2907 1981 2952 die
2009 2906 2282 2953 handschrift
2311 2907 2433 2953 nicht
2460 2907 2542 2953 mit

93 2984 176 3029 den
203 2983 448 3028 bekannten
492 2983 583 3027 vier
613 2982 705 3027 cod.
734 2981 959 3026 Blandinii
988 2981 1062 3026 des
1094 2981 1302 3039 Gruquius
1344 2981 1413 3024 die
1456 2981 1758 3034 abstammung
1801 2977 1948 3021 theile.
2006 2976 2242 3020 Vielleicht
2269 2977 2329 3020 ist
2357 2977 2434 3021 das
2462 2990 2545 3020 nur

93 3053 189 3097 eine
218 3054 405 3098 mai-otte
435 3066 519 3097 von
548 3053 645 3106 mir,
676 3051 786 3096 doch
816 3055 926 3095 ware
960 3050 1028 3095 die
1058 3051 1184 3095 sache
1213 3050 1347 3094 worth
1364 3083 1375 3103 ,
1421 3050 1519 3093 dasz
1562 3048 1623 3090 sie
1662 3060 1717 3090 an
1746 3046 1820 3090 der
1849 3045 2124 3090 handschrift
2152 3045 2287 3090 selbst
2317 3046 2426 3090 noch
2456 3047 2548 3090 ein-

92 3121 182 3166 mal
212 3122 464 3166 untersucht
494 3122 676 3167 wfirde.‘
