2714 3556
93 202 474 249 commentato
489 202 538 246 ri
584 203 638 246 et
685 202 893 247 Acroni
939 202 1075 259 vulg
1090 203 1185 246 ato
1228 202 1517 255 subscribere,
1564 202 1826 256 Bionemque
1876 202 1990 245 hunc
2038 201 2171 246 fuisse
2209 203 2540 259 Borysthenitai

96 269 363 326 sophistam-⁹
420 270 551 316 Adde
578 271 682 325 illa,
712 281 820 326 quae
849 271 950 315 sunt
977 270 1022 314 in
1052 269 1173 327 epist.
1206 270 1388 316 dedicat.
1417 269 1505 316 edt.
1536 284 1574 315 a.
1606 271 1717 315 1565
1746 284 1788 326 p.
1818 272 1868 315 5:
1913 271 2025 327 ,Non
2053 270 2211 316 iniuria
2224 271 2403 316 Petrum
2420 272 2542 318 Nan·

95 339 217 384 nium
244 338 425 385 dixerim
442 339 709 384 ··deterritum
756 339 810 384 ab
825 338 1038 384 editione·
1055 339 1264 394 Acronis,
1313 350 1443 395 quam
1471 339 1516 382 in
1546 339 1635 383 suis
1661 339 1946 385 miscellaneis
1975 353 2025 385 ex
2044 340 2271 385 eisdem
2299 342 2540 397 (Blandin.)

95 407 312 454 codicibus
352 408 585 465 aliquando
623 408 843 466 pollicitus
873 409 941 453 est
967 408 1138 453 Horatii
1181 407 1411 453 studiosis.'
1471 408 1706 464 Suffragari
1750 409 1948 454 videntur
1976 410 2082 455 haec
2110 423 2152 455 v,
2181 410 2414 457 53..Serm.
2445 413 2482 466 Ι,
2510 413 2539 456 3

96 476 201 532 (edt.
234 478 363 531 1611,
387 491 439 534 p.-
458 478 598 532 4432)
628 478 869 534 adscripta:
918 479 968 533 ,01
996 478 1192 523 fortassis
1211 479 1360 523 audiat
1388 479 1557 534 (benev.
1587 478 1741 531 lector)
1770 492 1847 523 nos
1875 479 2063 534 iniquius
2093 479 2285 534 lacerari,
2311 482 2426 535 quod
2445 483 2540 527 vul-

96 547 223 603 gatos
249 546 436 591 Acronis
466 548 511 591 et
539 547 846 607 Porphyrionis
888 547 1058 591 nomine
1100 547 1429 591 commentarios
1473 547 1568 590 ausi
1610 546 1743 590 simus
1773 560 1796 590 e
1825 548 2021 591 manibus
2052 548 2341 593 studiosorum
2369 553 2539 606 ereptos

96 615 377 665 exterminare
404 616 543 670 adque
569 616 773 660 barbaros
800 616 1005 671 relegare,
1034 629 1087 660 ne
1117 616 1285 660 dubitet
1304 617 1498 660 nostrum
1528 615 1815 670 patrocinium
1834 616 2044 672 suscipere
2072 616 2142 660 vel
2170 617 2251 661 hoc
2270 622 2538 676 argumento,

97 683 211 737 quod
241 695 290 728 ex
319 684 401 729 hoc
429 684 524 729 loco
552 685 599 730 in
626 684 754 729 finem
784 695 915 739 usque
943 684 1070 729 huius
1098 684 1202 729 libri
1217 718 1229 739 ,
1279 695 1550 739 quaecunque
1591 683 1708 742 typis
1737 683 1853 727 edita
1882 686 1982 728 sunt
2009 685 2311 742 Porphyrionis
2339 689 2537 744 apposito

95 752 280 806 nomine,
310 765 361 797 ea
388 766 458 797 me
485 754 542 797 ad
569 754 747 797 verbum
776 753 863 796 fere
891 754 1102 797 invenisse
1131 754 1348 808 adscripta
1377 754 1441 796 ad
1475 766 1626 796 oram
1656 752 1789 796 libri
1818 753 2145 798 Buslidiani
2172 756 2385 801 nullius
2415 771 2540 802 auc-

95 820 244 865 toris
292 822 353 867 ad
367 821 485 867 dito
534 821 713 866 nomin
726 820 776 866 e.'
835 821 984 877 Qualis
1028 823 1173 866 autom
1216 822 1473 866 scholiorum
1523 821 1644 865 codd.
1676 821 1860 866 Blandd.
1890 822 2043 866 natura
2091 822 2246 877 fuerit,
2297 827 2538 872 accuratius

97 889 391 947 cognoscimus
420 902 469 934 ex
500 891 623 946 epist.
654 890 708 934 ad
737 891 852 935 Lect.
883 891 968 935 edt.
999 903 1036 934 a.
1069 892 1179 935 1565
1195 913 1224 944 ,·
1255 891 1300 934 in
1329 901 1413 945 qua
1442 903 1483 946 p.
1516 892 1570 934 10
1599 891 1704 934 haec
1732 891 2027 934 inveniuntur:
2070 903 2264 946 ‘namque
2309 894 2355 936 in
2402 895 2535 938 adno-

95 958 333 1003 tationibus
362 961 535 1003 trium
564 962 603 1015 (P
634 960 688 1003 cf.
721 973 761 1014 p.
794 962 871 1007 13:
921 961 1230 1014 ⁶adnotationes
1259 961 1500 1015 adscriptae
1530 960 1718 1015 margini
1747 960 1792 1002 in
1822 961 2062 1015 quatuor
2092 960 2212 1006 codd.
2233 962 2417 1008 Blandd.
2447 964 2538 1007 sine

99 1029 288 1072 auctoris
318 1028 500 1073 alicuius
531 1028 732 1079 nomine')
777 1028 952 1073 illorum
981 1029 1188 1082 codicum,
1217 1040 1322 1083 quos
1352 1028 1487 1072 Blan
1501 1027 1661 1071 dinio
1675 1041 1694 1071 s
1738 1041 1867 1084 supra
1896 1027 1998 1081 dixi,
2026 1041 2324 1084 saepenumero
2365 1032 2386 1074 t
2400 1032 2537 1075 rium

96 1098 499 1142 commentariorum
527 1099 548 1142 t
561 1110 583 1142 e
596 1110 719 1142 1000
749 1097 983 1142 sententias
1015 1097 1271 1153 deprehendi
1300 1098 1491 1151 mutilas,
1518 1099 1705 1150 truncaS,
1749 1098 1952 1150 inversaS,
1983 1098 2235 1153 depravatas
2248 1133 2259 1153 ,
2299 1111 2403 1154 quas
2433 1102 2501 1145 ha
2514 1115 2536 1145 c

97 1167 358 1221 apposita
401 1167 710 1222 particula,
750 1167 911 1220 Aliter,
942 1167 1213 1223 consignatas
1244 1167 1412 1219 offendi,
1442 1168 1492 1210 ut
1512 1166 1760 1221 plerumque
1789 1179 1838 1209 ex
1886 1166 2069 1210 tribus
2117 1168 2394 1213 codicibus
2423 1173 2536 1214 tres

96 1233 387 1280 dictiones
430 1235 488 1279 in
542 1248 699 1279 unam
741 1235 1076 1280 sententiam
1120 1247 1319 1291 cogere
1364 1235 1588 1279 divisas
1631 1235 1739 1278 mihi
1777 1234 1909 1282 fuerit
1937 1234 2133 1281 00000003
2192 1236 2336 1291 Atque
2382 1239 2537 1293 optimi

96 1304 141 1347 et
170 1304 458 1359 antiquissimi
486 1305 702 1360 vulgatae,
753 1316 861 1358 quae
891 1305 1050 1348 dicitur
1071 1338 1082 1358 ,
1130 1305 1286 1348 Horati
1315 1306 1561 1359 poematum
1590 1303 1691 1347 libri
1720 1317 1931 1348 100011000.
1963 1305 2016 1347 ab
2046 1304 2232 1349 Acronis
2260 1309 2382 1361 parte
2411 1310 2537 1361 stare,

96 1383 145 1416 ex
173 1372 373 1418 universa
401 1385 559 1427 eorum,
589 1373 664 1427 qui
691 1374 833 1418 media
862 1374 1004 1418 aetate
1031 1373 1188 1418 Horati
1217 1374 1413 1428 poemata
1442 1372 1784 1428 descripserunt,
1824 1373 1895 1416 via
1936 1374 2065 1426 atque
2101 1374 2268 1418 ratione
2297 1377 2363 1419 est
2391 1377 2540 1421 verisi-

94 1443 210 1486 mile.
268 1442 417 1497 Atqw
448 1443 580 1486 etiam
609 1442 849 1498 Vergiliani
878 1442 980 1485 libri
1022 1455 1249 1495 manuscc.‚
1280 1442 1353 1496 qui
1380 1441 1620 1485 uberiorem
1649 1441 1773 1485 illam
1787 1440 1924 1485 Servii
1953 1442 2211 1486 scholiorum
2241 1444 2536 1491 collectionem

94 1511 401 1566 interpolatam
429 1511 641 1565 exhibent,
686 1511 854 1555 nullum
883 1511 1070 1555 auctoris
1099 1524 1253 1555 nomen
1283 1510 1547 1565 adscriptum
1576 1510 1737 1554 habent
1766 1510 1839 1564 (cf.
1870 1510 1923 1555 G.
1944 1510 2084 1563 Thilo,
2100 1511 2212 1556 Mus.
2231 1513 2367 1558 Rhen.
2397 1527 2435 1559 a.
2466 1517 2535 1570 59,

94 1595 134 1637 p.
167 1580 284 1635 542).
342 1581 435 1624 Hoc
463 1580 577 1624 idem
607 1580 653 1624 Ο.
686 1580 898 1634 Κο1101110,
927 1581 978 1624 ut
1006 1580 1169 1635 opinor,
1199 1579 1323 1632 vidit,
1353 1579 1426 1633 qui
1455 1579 1501 1622 in
1530 1579 1642 1623 Mus.
1670 1580 1804 1624 Rhen.
1834 1592 1871 1623 a.
1901 1581 1970 1631 64,
2001 1592 2099 1634 pag.
2128 1581 2213 1623 226
2234 1582 2338 1625 haec
2358 1586 2535 1630 statuit:

95 1650 411 1705 „Ebensoviele‚
439 1662 560 1693 wenn
578 1650 700 1693 nicht
718 1649 827 1693 noch
855 1650 976 1693 mehr
994 1649 1238 1706 beachtung
1257 1648 1483 1692 verdienen
1512 1647 1583 1692 die
1611 1649 1899 1703 sogenannten
1927 1650 2150 1693 acronis
2163 1650 2299 1694 chen
2329 1654 2534 1708 scholien,

96 1719 256 1763 welche
286 1732 396 1763 zwar
422 1718 586 1762 bloss
637 1719 896 1762 ausserst
943 1718 1139 1762 selten
1188 1718 1308 1762 eine
1351 1718 1566 1761 0011010
1614 1717 1893 1771 111111101Ιο
1942 1716 2039 1760 1100
2087 1720 2279 1763 textes
2310 1722 2400 1765 als
2431 1723 2534 1767 den

95 1788 372 1844 archetyp
401 1800 642 1832 unserer
671 1786 1319 1832 Eorazhandschriften
1348 1787 1690 1841 verrathen,
1731 1787 1831 1830 aber
1873 1786 1997 1829 daffir
2028 1786 2205 1831 durch
2255 1789 2536 1837 110101101-

94 1858 214 1915 tige
243 1857 537 1901 einflusse
566 1856 819 1912 weniger
855 1856 1137 1901 alteriert
1176 1856 1301 1900 sind
1340 1855 1425 1899 010
1456 1856 1854 1913 Porphyrion“
1886 1856 2003 1911 (ΣΡ).
2062 1858 2199 1901 110100
2229 1859 2534 1917 Porphyrionis

95 1927 427 1973 commentarius
456 1927 639 1971 aliorum
669 1926 976 1970 additamentis
1004 1926 1146 1970 minus
1175 1926 1396 1981 corruptus
1426 1924 1516 1968 eius
1545 1925 1611 1968 est
1640 1924 1754 1977 viri,
1799 1924 1873 1978 qui
1922 1937 1998 1968 suo
2043 1926 2125 1969 sibi
2153 1927 2311 1972 iudicio
2340 1930 2407 1973 uti
2435 1943 2537 1974 con-

95 1998 283 2051 sueverit
312 1997 385 2054 (cf.
423 1998 650 2042 comment.
679 2009 819 2040 meam
848 2009 881 2040 0.
912 1995 944 2041 1.
972 2008 1013 2052 p.
1042 1996 1226 2049 31-36,
1256 2008 1296 2051 p.
1325 1993 1435 2048 44.):
1486 1994 1538 2038 ab
1568 1993 1766 2046 Αο10010,
1797 1993 1870 2047 qui
1899 1995 2191 2048 antiquiorum
2220 1997 2375 2043 Horati
2403 1999 2536 2044 inter·

94 2069 263 2123 pretum
292 2067 533 2111 doctrinam
562 2079 697 2121 paene
727 2066 847 2108 anxie
877 2065 1068 2122 collegit,
1097 2065 1286 2109 moribus
1315 2064 1499 2108 alienum
1529 2065 1635 2116 erat,
1666 2065 1715 2107 ut
1744 2064 1927 2116 videtur,
1958 2065 2181 2120 vulgatam
2201 2070 2330 2121 atque
2360 2070 2535 2115 solitam

92 2135 404 2193 interpretandi
430 2134 641 2179 rationem
670 2133 724 2178 ad
753 2134 821 2178 sui
848 2133 981 2178 iudici
1009 2133 1366 2179 existimationem
1392 2134 1634 2177 revocatam
1664 2133 1739 2176 aut
1768 2132 1947 2187 probare
1976 2134 2052 2178 aut
2080 2135 2303 2193 corrigere.

296 2205 414 2260 Quae
443 2217 540 2248 cum
565 2204 629 2248 ita
654 2203 754 2257 sint,
784 2204 864 2248 hoc
884 2199 1056 2258 quidem
1075 2203 1264 2248 dubitari
1283 2215 1366 2247 non
1386 2203 1545 2257 potest,
1574 2201 1861 2245 Blandiniana
1890 2202 2055 2246 scholia
2084 2205 2185 2258 quin
2215 2206 2260 2249 in
2283 2208 2535 2254 universum

94 2276 147 2320 ab
177 2274 372 2328 Acronis,
402 2285 527 2328 quem
556 2273 701 2317 ferunt
721 2307 733 2326 ,
785 2274 907 2327 parte
936 2272 1105 2317 stetisse
1134 2273 1293 2327 pateat.
1352 2270 1454 2325 Quis
1483 2270 1618 2327 igitur
1647 2283 1731 2314 non
1760 2269 1891 2323 videt,
1922 2270 1971 2316 Ο.
2001 2271 2167 2317 Kelleri
2196 2274 2267 2319 via
2296 2277 2341 2320 et
2368 2278 2536 2323 ratione

96 2344 274 2390 Suetoni
303 2353 469 2398 quoque
498 2342 634 2387 vitam
665 2340 1030 2396 Pseudo-Acroni,
1061 2353 1187 2398 quem
1216 2342 1353 2395 vocat,
1380 2352 1469 2383 esse
1497 2339 1799 2383 tribuendam?
1858 2339 1996 2393 Quare
2025 2342 2220 2394 quamvis
2239 2345 2391 2399 cupide
2419 2346 2536 2391 haud

93 2426 229 2470 pauca
260 2426 357 2457 cum
385 2413 572 2457 Acronis
601 2414 696 2456 tum
725 2411 1031 2468 Porphyrionis
1061 2411 1244 2467 vestigia
1273 2424 1299 2454 a
1326 2409 1498 2454 Kellero
1529 2409 1634 2452 scite
1675 2410 1914 2452 monstrata
1952 2410 2172 2464 amplexus
2202 2412 2298 2466 sim,
2328 2414 2410 2459 hoc
2439 2416 2534 2461 loco

94 2496 191 2528 cum
221 2483 274 2527 de
302 2482 431 2526 Vitae
460 2482 506 2525 H
535 2481 794 2526 auctoritate
824 2481 991 2538 agatur,
1038 2481 1250 2525 rationem
1279 2480 1368 2524 01110
1396 2479 1441 2522 10
1470 2479 1615 2534 partes
1645 2490 1797 2522 vocare
1826 2491 2030 2535 perquam
2063 2479 2212 2524 dubito
2242 2492 2379 2537 neque
2409 2485 2536 2539 quid-

94 2564 224 2608 quam
251 2551 389 2596 habeo
406 2585 416 2604 ‚
467 2551 581 2606 quod
622 2551 704 2595 hac
751 2551 803 2594 de
832 2563 878 2594 re
907 2563 1005 2594 cum
1054 2550 1199 2605 aliqua
1227 2548 1543 2605 probabilitatis
1572 2548 1709 2603 specie
1741 2547 1955 2602 proferam
1969 2583 1979 2602 ,
2029 2549 2113 2593 nisi
2154 2551 2384 2606 terminos,
2427 2565 2536 2608 quos

92 2621 222 2668 modo
253 2620 356 2676 dixi,
386 2633 494 2665 saec.
524 2620 790 2664 IV—VIIII.

294 2690 387 2745 Quo
415 2692 605 2746 tempore
635 2703 732 2733 cum
761 2690 903 2745 ipsum
930 2690 1118 2734 Acronis
1147 2689 1499 2733 commentarium
1528 2687 1742 2731 exstitisse
1771 2687 1992 2742 probabile
2023 2688 2094 2742 sit,
2143 2689 2216 2743 qui
2247 2693 2392 2746 potest
2419 2694 2537 2750 cogi-

91 2760 192 2814 tari,
221 2772 318 2803 eum
348 2759 700 2804 commentarium
714 2794 725 2813 ,
770 2770 896 2813 quem
926 2759 1137 2815 optimum
1166 2758 1403 2803 habuerunt
1419 2792 1430 2811 ,
1478 2756 1568 2801 VV.
1599 2756 1695 2801 DD.
1725 2768 1805 2801 nec
1834 2756 2108 2813 descripsisse
2137 2771 2216 2803 nec
2245 2761 2536 2818 excerpsisse?

93 2829 234 2885 Quare
262 2829 459 2884 quamvis
487 2828 672 2873 Acronis
701 2828 1049 2873 adnotationibus
1078 2828 1182 2884 ipsis
1211 2827 1428 2885 egregiam
1457 2826 1549 2871 VV.
1566 2825 1675 2870 DD.
1705 2824 1882 2871 virtutis
1925 2838 2071 2871 eorum
2101 2828 2345 2885 opinionem
2374 2831 2537 2876 incom-

91 2898 219 2944 modo
248 2898 381 2943 fuisse
409 2898 569 2954 putem,
600 2897 905 2955 Porphyrionis
935 2898 1081 2942 autem
1124 2897 1423 2942 auctoritatem
1465 2908 1599 2953 paene
1642 2895 1858 2953 integram
1896 2897 1992 2941 ideo
2035 2910 2127 2943 esse
2155 2901 2390 2955 servatam,
2434 2903 2537 2956 quia

91 2967 205 3012 hunc
246 2967 415 3011 librarii
462 2966 638 3011 minoris
682 2967 923 3011 habuerunt
961 2967 1319 3024 neglexeruntque
1334 3000 1346 3020 ,
1389 2965 1588 3019 AcroniS,
1620 2975 1729 3019 quae
1759 2964 1970 3019 feruntur,
2000 2968 2261 3012 scholiorum
2289 2969 2419 3013 fidem
2450 2983 2534 3015 non

92 3036 157 3080 ita
184 3037 231 3080 in
260 3036 573 3080 dubitationem
602 3036 839 3080 vocandam
887 3048 1036 3080 censeo
1051 3070 1062 3089 ,
1110 3037 1160 3079 ut
1188 3036 1410 3079 inventum
1447 3047 1537 3079 esse
1584 3035 1675 3079 eius
1704 3047 1859 3079 nomen
1889 3048 1916 3080 a
1944 3035 2134 3080 librariis
2164 3038 2209 3081 et
2237 3051 2312 3093 per
2340 3038 2534 3084 fraudem

91 3105 266 3150 scholiis
296 3106 560 3162 adscriptum
590 3105 807 3150 ducamus.
866 3106 1004 3149 Immo
1050 3117 1150 3149 vero
1180 3116 1287 3159 quae
1315 3103 1447 3148 ullius
1477 3105 1578 3148 sunt
1606 3104 1651 3147 in
1687 3103 1805 3148 hisce
1834 3102 2009 3150 scholiis
2048 3104 2246 3150 veritatis
2275 3108 2319 3151 et
2348 3107 2535 3162 antiqui-

2223 3174 2247 3210 2
